symbol,date,close,volume,ret_1,vol_ratio,ret_1_lag1,ret_1_lag2,ret_1_lag3,vol_ratio_lag1,vol_ratio_lag2,vol_ratio_lag3,is_price_lt_500,top_buyer,top_buyer_concentration,top_buyer_net_value,total_net_value,num_buyers,num_sellers,num_brokers,retail_broker_ratio,price_source_date,broker_source_date,age_price_days,age_broker_days,is_market_closed
AADI,2025-09-03,7175.0,30661000.0,,1.0,,,,,,,0,AK,0.3788741552049005,27805372500.0,-1337175000.0,10.0,10.0,20.0,0.0,2025-09-03,2025-09-03,0,0.0,0
AALI,2025-09-03,7300.0,1578400.0,,1.0,,,,,,,0,CP,0.2878629156878152,1781342500.0,492482500.0,10.0,10.0,20.0,0.0,2025-09-03,2025-09-03,0,0.0,0
ABBA,2025-09-03,42.0,734200.0,,1.0,,,,,,,1,AK,0.6615288867702168,14987400.0,0.0,9.0,5.0,14.0,0.0,2025-09-03,2025-09-03,0,0.0,0
ABDA,2025-09-03,3400.0,100.0,,1.0,,,,,,,0,,,,,,,,,2025-09-01,,2,,1
ABMM,2025-09-03,2960.0,669500.0,,1.0,,,,,,,0,KK,0.3594543512768434,209013000.0,14742000.0,10.0,10.0,20.0,0.0,2025-09-03,2025-09-03,0,0.0,0
ACES,2025-09-03,436.0,75954900.0,,1.0,,,,,,,1,ZP,0.2055326032588386,3366517000.0,-3276023400.0,10.0,10.0,20.0,0.0,2025-09-03,2025-09-03,0,0.0,0
ACRO,2025-09-03,84.0,10604400.0,,1.0,,,,,,,1,YP,0.3455026451556345,158040200.0,-13453600.0,10.0,9.0,19.0,0.0,2025-09-03,2025-09-03,0,0.0,0
ACST,2025-09-03,156.0,149197900.0,,1.0,,,,,,,1,YU,0.2525282754279602,707206900.0,101429700.0,10.0,10.0,20.0,0.0,2025-09-03,2025-09-03,0,0.0,0
ADCP,2025-09-03,69.0,1511227000.0,,1.0,,,,,,,1,AO,0.3624246200166531,3077623000.0,185247500.0,10.0,10.0,20.0,0.0,2025-09-03,2025-09-03,0,0.0,0
ADES,2025-09-03,13675.0,10900.0,,1.0,,,,,,,0,XL,0.7781117516430767,86722500.0,0.0,5.0,5.0,10.0,0.0,2025-09-03,2025-09-03,0,0.0,0
ADHI,2025-09-03,294.0,130272900.0,,1.0,,,,,,,1,SQ,0.2149808361762382,1822810600.0,1310728600.0,10.0,10.0,20.0,0.0,2025-09-03,2025-09-03,0,0.0,0
ADMF,2025-09-03,9000.0,31400.0,,1.0,,,,,,,0,XL,0.3435821188615993,61237500.0,0.0,7.0,7.0,14.0,0.0,2025-09-03,2025-09-03,0,0.0,0
ADMG,2025-09-03,150.0,5097600.0,,1.0,,,,,,,1,XL,0.2586404005760603,51219800.0,-4147400.0,10.0,10.0,20.0,0.0,2025-09-03,2025-09-03,0,0.0,0
ADMR,2025-09-03,1025.0,33131700.0,,1.0,,,,,,,0,CC,0.5705146640408368,7066207500.0,837224500.0,10.0,10.0,20.0,0.0,2025-09-03,2025-09-03,0,0.0,0
ADRO,2025-09-03,1730.0,80794900.0,,1.0,,,,,,,0,SQ,0.3409676546859065,12763894000.0,2127497000.0,10.0,10.0,20.0,0.0,2025-09-03,2025-09-03,0,0.0,0
AEGS,2025-09-03,46.0,438976100.0,,1.0,,,,,,,1,XL,0.6889858068882951,7009794100.0,-135870800.0,10.0,10.0,20.0,0.0,2025-09-03,2025-09-03,0,0.0,0
AGAR,2025-09-03,250.0,29500.0,,1.0,,,,,,,1,IN,0.5348051170153596,2500000.0,0.0,6.0,7.0,13.0,0.0,2025-09-03,2025-09-03,0,0.0,0
AGII,2025-09-03,835.0,382100.0,,1.0,,,,,,,0,PD,0.4159029649595687,73292500.0,-1914500.0,10.0,6.0,16.0,0.0,2025-09-03,2025-09-03,0,0.0,0
AGRO,2025-09-03,236.0,6693400.0,,1.0,,,,,,,1,YP,0.1926216330382042,109987800.0,-35139600.0,10.0,10.0,20.0,0.0,2025-09-03,2025-09-03,0,0.0,0
AGRS,2025-09-03,78.0,5399900.0,,1.0,,,,,,,1,CC,0.4977564387301023,61632700.0,901200.0,10.0,10.0,20.0,0.0,2025-09-03,2025-09-03,0,0.0,0
AHAP,2025-09-03,79.0,10914300.0,,1.0,,,,,,,1,CC,0.4837746239440449,161184900.0,-12828500.0,10.0,9.0,19.0,0.0,2025-09-03,2025-09-03,0,0.0,0
AIMS,2025-09-03,326.0,10500.0,,1.0,,,,,,,1,XC,0.3941646534101468,424200.0,0.0,3.0,2.0,5.0,0.0,2025-09-03,2025-09-03,0,0.0,0
AISA,2025-09-03,121.0,8303300.0,,1.0,,,,,,,1,CC,0.4132138857782755,170514900.0,-45402200.0,10.0,10.0,20.0,0.0,2025-09-03,2025-09-03,0,0.0,0
AKKU,2025-09-03,,,,,,,,,,,0,,,,,,,,,2025-09-03,,0,,0
AKPI,2025-09-03,555.0,9900.0,,1.0,,,,,,,0,YP,0.6701647795268342,3640000.0,0.0,5.0,2.0,7.0,0.0,2025-09-03,2025-09-03,0,0.0,0
AKRA,2025-09-03,1235.0,20502900.0,,1.0,,,,,,,0,DP,0.2415796667742145,3646041000.0,2241528000.0,10.0,10.0,20.0,0.0,2025-09-03,2025-09-03,0,0.0,0
AKSI,2025-09-03,248.0,87800.0,,1.0,,,,,,,1,XA,0.4759484673478454,5356800.0,0.0,9.0,5.0,14.0,0.0,2025-09-03,2025-09-03,0,0.0,0
ALDO,2025-09-03,500.0,119300.0,,1.0,,,,,,,0,NI,0.8307406825443145,22205200.0,50400.0,4.0,10.0,14.0,0.0,2025-09-03,2025-09-03,0,0.0,0
ALII,2025-09-03,530.0,1554900.0,,1.0,,,,,,,0,YP,0.4259256387665198,302141000.0,-688000.0,10.0,7.0,17.0,0.0,2025-09-03,2025-09-03,0,0.0,0
ALKA,2025-09-03,318.0,65500.0,,1.0,,,,,,,1,XC,0.6040253677442086,2743000.0,0.0,5.0,5.0,10.0,0.0,2025-09-03,2025-09-03,0,0.0,0
ALMI,2025-09-03,,,,,,,,,,,0,,,,,,,,,2025-09-03,,0,,0
ALTO,2025-09-03,,,,,,,,,,,0,,,,,,,,,2025-09-03,,0,,0
AMAG,2025-09-03,370.0,97300.0,,1.0,,,,,,,1,GR,0.922797844528624,24214400.0,0.0,6.0,7.0,13.0,0.0,2025-09-03,2025-09-03,0,0.0,0
AMAN,2025-09-03,125.0,5726100.0,,1.0,,,,,,,1,OD,0.2978996417947891,75521700.0,8208500.0,6.0,10.0,16.0,0.0,2025-09-03,2025-09-03,0,0.0,0
AMAR,2025-09-03,208.0,382900.0,,1.0,,,,,,,1,YP,0.4388505091574755,9541400.0,0.0,6.0,7.0,13.0,0.0,2025-09-03,2025-09-03,0,0.0,0
AMFG,2025-09-03,3330.0,50100.0,,1.0,,,,,,,0,YP,0.5200341005967605,79910000.0,2308000.0,5.0,10.0,15.0,0.0,2025-09-03,2025-09-03,0,0.0,0
AMIN,2025-09-03,226.0,1459100.0,,1.0,,,,,,,1,GR,0.2466567948850396,30083200.0,-133000.0,10.0,10.0,20.0,0.0,2025-09-03,2025-09-03,0,0.0,0
AMMN,2025-09-03,8025.0,27878600.0,,1.0,,,,,,,0,BK,0.2448820518914734,13353007500.0,-8822797500.0,10.0,10.0,20.0,0.0,2025-09-03,2025-09-03,0,0.0,0
AMMS,2025-09-03,179.0,8085500.0,,1.0,,,,,,,1,ZP,0.7136147181895599,900995100.0,17021300.0,10.0,10.0,20.0,0.0,2025-09-03,2025-09-03,0,0.0,0
AMOR,2025-09-03,478.0,96600.0,,1.0,,,,,,,1,CC,0.6111268182349959,25073800.0,0.0,10.0,3.0,13.0,0.0,2025-09-03,2025-09-03,0,0.0,0
AMRT,2025-09-03,2140.0,23760000.0,,1.0,,,,,,,0,AK,0.4012434931098949,9715535000.0,-1860874000.0,10.0,10.0,20.0,0.0,2025-09-03,2025-09-03,0,0.0,0
ANDI,2025-09-03,34.0,7478300.0,,1.0,,,,,,,1,PD,0.3120955627265342,23705000.0,-2159500.0,10.0,7.0,17.0,0.0,2025-09-03,2025-09-03,0,0.0,0
ANJT,2025-09-03,1795.0,1207300.0,,1.0,,,,,,,0,CC,0.6414432034037402,1140363500.0,897500.0,9.0,10.0,19.0,0.0,2025-09-03,2025-09-03,0,0.0,0
ANTM,2025-09-03,3480.0,393011500.0,,1.0,,,,,,,0,CC,0.3567987749200749,96498190000.0,-21270302000.0,10.0,10.0,20.0,0.0,2025-09-03,2025-09-03,0,0.0,0
APEX,2025-09-03,127.0,36165800.0,,1.0,,,,,,,1,ZP,0.3780298182437487,555361300.0,36641300.0,10.0,10.0,20.0,0.0,2025-09-03,2025-09-03,0,0.0,0
APIC,2025-09-03,1160.0,6717800.0,,1.0,,,,,,,0,AK,0.2318918493453219,303449500.0,32359500.0,10.0,10.0,20.0,0.0,2025-09-03,2025-09-03,0,0.0,0
APII,2025-09-03,176.0,110400.0,,1.0,,,,,,,1,YP,0.9629407754756348,18646000.0,0.0,4.0,6.0,10.0,0.0,2025-09-03,2025-09-03,0,0.0,0
APLI,2025-09-03,500.0,19600.0,,1.0,,,,,,,0,GR,0.7627366369710468,2191800.0,0.0,3.0,4.0,7.0,0.0,2025-09-03,2025-09-03,0,0.0,0
APLN,2025-09-03,105.0,21012300.0,,1.0,,,,,,,1,XL,0.4742781758808781,612252100.0,89169000.0,10.0,10.0,20.0,0.0,2025-09-03,2025-09-03,0,0.0,0
ARCI,2025-09-03,900.0,318259600.0,,1.0,,,,,,,0,BB,0.220585985966788,9131097000.0,-12000982500.0,10.0,10.0,20.0,0.0,2025-09-03,2025-09-03,0,0.0,0
AREA,2025-09-03,525.0,1231400.0,,1.0,,,,,,,0,XA,0.3974830107454128,93994000.0,-53500.0,10.0,10.0,20.0,0.0,2025-09-03,2025-09-03,0,0.0,0
ARGO,2025-09-03,1330.0,51400.0,,1.0,,,,,,,0,XC,0.4996860637416179,19896000.0,0.0,10.0,7.0,17.0,0.0,2025-09-03,2025-09-03,0,0.0,0
ARII,2025-09-03,260.0,328100.0,,1.0,,,,,,,1,CC,0.8597716426025493,56927200.0,78800.0,7.0,10.0,17.0,0.0,2025-09-03,2025-09-03,0,0.0,0
ARKA,2025-09-03,36.0,13547300.0,,1.0,,,,,,,1,XL,0.234285333324661,72041100.0,-8679100.0,10.0,10.0,20.0,0.0,2025-09-03,2025-09-03,0,0.0,0
ARKO,2025-09-03,1345.0,1802700.0,,1.0,,,,,,,0,NI,0.4692143521037403,607561500.0,107615000.0,9.0,10.0,19.0,0.0,2025-09-03,2025-09-03,0,0.0,0
ARMY,2025-09-03,,,,,,,,,,,0,,,,,,,,,2025-09-03,,0,,0
ARNA,2025-09-03,565.0,3160000.0,,1.0,,,,,,,0,ZP,0.4335365968242037,461413000.0,-8754000.0,10.0,7.0,17.0,0.0,2025-09-03,2025-09-03,0,0.0,0
ARTA,2025-09-03,3270.0,5000.0,,1.0,,,,,,,0,CC,0.6995391705069124,2277000.0,0.0,4.0,4.0,8.0,0.0,2025-09-03,2025-09-03,0,0.0,0
ARTI,2025-09-03,,,,,,,,,,,0,,,,,,,,,2025-09-03,,0,,0
ARTO,2025-09-03,2190.0,4257800.0,,1.0,,,,,,,0,BK,0.1613070514179651,464082000.0,-159741000.0,10.0,10.0,20.0,0.0,2025-09-03,2025-09-03,0,0.0,0
ASBI,2025-09-03,434.0,114000.0,,1.0,,,,,,,1,AI,0.6101455555020622,3802000.0,0.0,6.0,10.0,16.0,0.0,2025-09-03,2025-09-03,0,0.0,0
ASDM,2025-09-03,540.0,1500.0,,1.0,,,,,,,0,PD,0.5691699604743083,216000.0,0.0,2.0,2.0,4.0,0.0,2025-09-03,2025-09-03,0,0.0,0
ASGR,2025-09-03,1185.0,482700.0,,1.0,,,,,,,0,ZP,0.4451692676287706,150132000.0,-2844500.0,10.0,10.0,20.0,0.0,2025-09-03,2025-09-03,0,0.0,0
ASHA,2025-09-03,39.0,3776000.0,,1.0,,,,,,,1,OD,0.4480100544616673,41706600.0,1517100.0,5.0,10.0,15.0,0.0,2025-09-03,2025-09-03,0,0.0,0
ASII,2025-09-03,5500.0,45471600.0,,1.0,,,,,,,0,ZP,0.3150911450260462,36947187500.0,7297602500.0,10.0,10.0,20.0,0.0,2025-09-03,2025-09-03,0,0.0,0
ASJT,2025-09-03,111.0,375300.0,,1.0,,,,,,,1,YP,0.4274781715459682,5826100.0,0.0,6.0,7.0,13.0,0.0,2025-09-03,2025-09-03,0,0.0,0
ASLC,2025-09-03,110.0,123504600.0,,1.0,,,,,,,1,IN,0.3219341573534398,1340000000.0,-224144100.0,10.0,10.0,20.0,0.0,2025-09-03,2025-09-03,0,0.0,0
ASLI,2025-09-03,,,,,,,,,,,0,,,,,,,,,2025-09-03,,0,,0
ASMI,2025-09-03,27.0,7727700.0,,1.0,,,,,,,1,HD,0.8782649714787443,120833100.0,0.0,6.0,9.0,15.0,0.0,2025-09-03,2025-09-03,0,0.0,0
ASPI,2025-09-03,428.0,5659900.0,,1.0,,,,,,,1,MG,0.4021725059509407,560452000.0,-12672600.0,10.0,10.0,20.0,0.0,2025-09-03,2025-09-03,0,0.0,0
ASPR,2025-09-03,,,,,,,,,,,0,,,,,,,,,2025-09-03,,0,,0
ASRI,2025-09-03,174.0,40257900.0,,1.0,,,,,,,1,AT,0.4815800124101899,1405059000.0,-73852300.0,10.0,10.0,20.0,0.0,2025-09-03,2025-09-03,0,0.0,0
ASRM,2025-09-03,280.0,19700.0,,1.0,,,,,,,1,XC,0.3969308443499634,1195000.0,0.0,6.0,3.0,9.0,0.0,2025-09-03,2025-09-03,0,0.0,0
ASSA,2025-09-03,850.0,8847600.0,,1.0,,,,,,,0,AZ,0.3221495457825815,1126239000.0,-416522500.0,10.0,10.0,20.0,0.0,2025-09-03,2025-09-03,0,0.0,0
ATAP,2025-09-03,52.0,10440800.0,,1.0,,,,,,,1,YP,0.8058831386362939,388557200.0,0.0,10.0,9.0,19.0,0.0,2025-09-03,2025-09-03,0,0.0,0
ATIC,2025-09-03,444.0,719600.0,,1.0,,,,,,,1,ZP,0.6639204828775093,139802400.0,223000.0,8.0,10.0,18.0,0.0,2025-09-03,2025-09-03,0,0.0,0
ATLA,2025-09-03,65.0,217933100.0,,1.0,,,,,,,1,YP,0.3603729436649598,637513900.0,-132698700.0,10.0,10.0,20.0,0.0,2025-09-03,2025-09-03,0,0.0,0
AUTO,2025-09-03,2400.0,3302700.0,,1.0,,,,,,,0,TP,0.468971576233864,2246228000.0,-14206000.0,10.0,10.0,20.0,0.0,2025-09-03,2025-09-03,0,0.0,0
AVIA,2025-09-03,430.0,23783500.0,,1.0,,,,,,,1,BK,0.50474354091683,4057311400.0,50233000.0,10.0,10.0,20.0,0.0,2025-09-03,2025-09-03,0,0.0,0
AWAN,2025-09-03,256.0,19823700.0,,1.0,,,,,,,1,CC,0.7632603154125934,231214600.0,11722400.0,5.0,10.0,15.0,0.0,2025-09-03,2025-09-03,0,0.0,0
AXIO,2025-09-03,128.0,1577800.0,,1.0,,,,,,,1,XC,0.4927941560135664,37777600.0,-12700.0,10.0,9.0,19.0,0.0,2025-09-03,2025-09-03,0,0.0,0
AYAM,2025-09-03,171.0,107089000.0,,1.0,,,,,,,1,AT,0.9558131722728932,3283234400.0,-723800.0,10.0,10.0,20.0,0.0,2025-09-03,2025-09-03,0,0.0,0
AYLS,2025-09-03,104.0,1687300.0,,1.0,,,,,,,1,KK,0.2853971268109866,26211500.0,-2033200.0,10.0,8.0,18.0,0.0,2025-09-03,2025-09-03,0,0.0,0
BABP,2025-09-03,60.0,40404600.0,,1.0,,,,,,,1,AI,0.4398653238186718,416584000.0,52159800.0,10.0,10.0,20.0,0.0,2025-09-03,2025-09-03,0,0.0,0
BABY,2025-09-03,318.0,8817800.0,,1.0,,,,,,,1,BK,0.8919431919516698,113625000.0,0.0,9.0,7.0,16.0,0.0,2025-09-03,2025-09-03,0,0.0,0
BACA,2025-09-03,137.0,2909400.0,,1.0,,,,,,,1,XL,0.32425918404147,71210300.0,-445800.0,10.0,10.0,20.0,0.0,2025-09-03,2025-09-03,0,0.0,0
BAIK,2025-09-03,106.0,3714000.0,,1.0,,,,,,,1,YP,0.4179776866721427,80552200.0,-1494300.0,10.0,10.0,20.0,0.0,2025-09-03,2025-09-03,0,0.0,0
BAJA,2025-09-03,123.0,2218000.0,,1.0,,,,,,,1,AT,0.622256593943341,91725600.0,-3387700.0,10.0,9.0,19.0,0.0,2025-09-03,2025-09-03,0,0.0,0
BALI,2025-09-03,1475.0,791100.0,,1.0,,,,,,,0,XL,0.6129696490712564,272233000.0,-7565000.0,10.0,6.0,16.0,0.0,2025-09-03,2025-09-03,0,0.0,0
BANK,2025-09-03,815.0,7720600.0,,1.0,,,,,,,0,YU,0.2988722858183886,298577000.0,6852000.0,10.0,10.0,20.0,0.0,2025-09-03,2025-09-03,0,0.0,0
BAPA,2025-09-03,68.0,75241800.0,,1.0,,,,,,,1,PD,0.316098780355435,234722500.0,-58083600.0,10.0,10.0,20.0,0.0,2025-09-03,2025-09-03,0,0.0,0
BAPI,2025-09-03,22.0,18145000.0,,1.0,,,,,,,1,YP,0.4748253136789553,110479600.0,979000.0,10.0,10.0,20.0,0.0,2025-09-03,2025-09-03,0,0.0,0
BATA,2025-09-03,51.0,183300.0,,1.0,,,,,,,1,XL,0.7908694312065818,6671300.0,0.0,5.0,2.0,7.0,0.0,2025-09-03,2025-09-03,0,0.0,0
BATR,2025-09-03,102.0,15573900.0,,1.0,,,,,,,1,CC,0.2683572948341639,82348200.0,-7992800.0,10.0,10.0,20.0,0.0,2025-09-03,2025-09-03,0,0.0,0
BAUT,2025-09-03,38.0,37648500.0,,1.0,,,,,,,1,YP,0.9276730788097688,1021208500.0,-1354500.0,10.0,10.0,20.0,0.0,2025-09-03,2025-09-03,0,0.0,0
BAYU,2025-09-03,1325.0,316500.0,,1.0,,,,,,,0,YP,0.770951739853653,286893500.0,0.0,7.0,7.0,14.0,0.0,2025-09-03,2025-09-03,0,0.0,0
BBCA,2025-09-03,7975.0,212372700.0,,1.0,,,,,,,0,CC,0.2473808736273439,190788665000.0,-258603395000.0,10.0,10.0,20.0,0.0,2025-09-03,2025-09-03,0,0.0,0
BBHI,2025-09-03,1605.0,1409300.0,,1.0,,,,,,,0,CC,0.2870486051249641,323843500.0,14831500.0,10.0,10.0,20.0,0.0,2025-09-03,2025-09-03,0,0.0,0
BBKP,2025-09-03,80.0,164067000.0,,1.0,,,,,,,1,YP,0.2649751744760141,949941300.0,-251704300.0,10.0,10.0,20.0,0.0,2025-09-03,2025-09-03,0,0.0,0
BBLD,2025-09-03,905.0,12500.0,,1.0,,,,,,,0,CC,0.4862484420440382,2926000.0,0.0,6.0,4.0,10.0,0.0,2025-09-03,2025-09-03,0,0.0,0
BBMD,2025-09-03,2120.0,800.0,,1.0,,,,,,,0,XL,0.6238911886457718,1055000.0,0.0,2.0,3.0,5.0,0.0,2025-09-03,2025-09-03,0,0.0,0
BBNI,2025-09-03,4410.0,29754100.0,,1.0,,,,,,,0,AK,0.3121039298546975,19763771000.0,11388706000.0,10.0,10.0,20.0,0.0,2025-09-03,2025-09-03,0,0.0,0
BBRI,2025-09-03,4030.0,112507500.0,,1.0,,,,,,,0,ZP,0.2412957311056037,40040312000.0,12253411000.0,10.0,10.0,20.0,0.0,2025-09-03,2025-09-03,0,0.0,0
BBRM,2025-09-03,89.0,14428400.0,,1.0,,,,,,,1,AZ,0.5725417259568399,287766800.0,1886400.0,10.0,10.0,20.0,0.0,2025-09-03,2025-09-03,0,0.0,0
BBSI,2025-09-03,4010.0,10400.0,,1.0,,,,,,,0,LG,0.7601400781943345,31691000.0,0.0,2.0,3.0,5.0,0.0,2025-09-03,2025-09-03,0,0.0,0
BBSS,2025-09-03,272.0,11400.0,,1.0,,,,,,,1,CC,0.542702025475047,1039600.0,0.0,4.0,4.0,8.0,0.0,2025-09-03,2025-09-03,0,0.0,0
BBTN,2025-09-03,1270.0,13531800.0,,1.0,,,,,,,0,OD,0.2786366840573591,2365300000.0,-520812500.0,10.0,10.0,20.0,0.0,2025-09-03,2025-09-03,0,0.0,0
BBYB,2025-09-03,326.0,66288200.0,,1.0,,,,,,,1,ZP,0.3207822616518126,3564609800.0,-1701269400.0,10.0,7.0,17.0,0.0,2025-09-03,2025-09-03,0,0.0,0
BCAP,2025-09-03,71.0,37693100.0,,1.0,,,,,,,1,BQ,0.3255219282511117,156161300.0,-39629400.0,10.0,10.0,20.0,0.0,2025-09-03,2025-09-03,0,0.0,0
BCIC,2025-09-03,,,,,,,,,,,0,,,,,,,,,2025-09-03,,0,,0
BCIP,2025-09-03,93.0,3674500.0,,1.0,,,,,,,1,TF,0.5357090397156249,93000000.0,488200.0,8.0,10.0,18.0,0.0,2025-09-03,2025-09-03,0,0.0,0
BDKR,2025-09-03,158.0,36259500.0,,1.0,,,,,,,1,XL,0.1645062417206658,252094300.0,-57196100.0,10.0,10.0,20.0,0.0,2025-09-03,2025-09-03,0,0.0,0
BDMN,2025-09-03,2510.0,454900.0,,1.0,,,,,,,0,YP,0.5019149682756082,436267000.0,57644000.0,10.0,10.0,20.0,0.0,2025-09-03,2025-09-03,0,0.0,0
BEBS,2025-09-03,,,,,,,,,,,0,,,,,,,,,2025-09-03,,0,,0
BEEF,2025-09-03,318.0,17566100.0,,1.0,,,,,,,1,AT,0.5080878367712128,980381800.0,468435600.0,7.0,10.0,17.0,0.0,2025-09-03,2025-09-03,0,0.0,0
BEER,2025-09-03,108.0,1527100.0,,1.0,,,,,,,1,AO,0.325944649490857,21689400.0,-207100.0,10.0,8.0,18.0,0.0,2025-09-03,2025-09-03,0,0.0,0
BEKS,2025-09-03,25.0,338214200.0,,1.0,,,,,,,1,SQ,0.2353519800307174,1208270000.0,-1302282500.0,10.0,2.0,12.0,0.0,2025-09-03,2025-09-03,0,0.0,0
BELI,2025-09-03,364.0,541400.0,,1.0,,,,,,,1,EP,0.4398629874485005,18363400.0,0.0,10.0,5.0,15.0,0.0,2025-09-03,2025-09-03,0,0.0,0
BELL,2025-09-03,70.0,652993500.0,,1.0,,,,,,,1,CC,0.435659835098703,1160632000.0,126931000.0,10.0,10.0,20.0,0.0,2025-09-03,2025-09-03,0,0.0,0
BESS,2025-09-03,1030.0,95300.0,,1.0,,,,,,,0,PG,0.7396413781140911,68226000.0,0.0,7.0,7.0,14.0,0.0,2025-09-03,2025-09-03,0,0.0,0
BEST,2025-09-03,119.0,36106200.0,,1.0,,,,,,,1,YP,0.3107926233417739,641180100.0,-394073100.0,10.0,10.0,20.0,0.0,2025-09-03,2025-09-03,0,0.0,0
BFIN,2025-09-03,755.0,17170500.0,,1.0,,,,,,,0,PD,0.19458876956734,1466146500.0,-1845492000.0,10.0,9.0,19.0,0.0,2025-09-03,2025-09-03,0,0.0,0
BGTG,2025-09-03,113.0,26959100.0,,1.0,,,,,,,1,XL,0.2307890807215054,319107700.0,-8506400.0,10.0,10.0,20.0,0.0,2025-09-03,2025-09-03,0,0.0,0
BHAT,2025-09-03,900.0,1564800.0,,1.0,,,,,,,0,XA,0.3403030195794933,134630000.0,47418000.0,8.0,10.0,18.0,0.0,2025-09-03,2025-09-03,0,0.0,0
BHIT,2025-09-03,37.0,19572900.0,,1.0,,,,,,,1,YU,0.5742830184191121,267983600.0,2900800.0,10.0,10.0,20.0,0.0,2025-09-03,2025-09-03,0,0.0,0
BIKA,2025-09-03,,,,,,,,,,,0,,,,,,,,,2025-09-03,,0,,0
BIKE,2025-09-03,1000.0,9013600.0,,1.0,,,,,,,0,SA,0.1530293866466335,420644500.0,-105629000.0,10.0,10.0,20.0,0.0,2025-09-03,2025-09-03,0,0.0,0
BIMA,2025-09-03,72.0,208200.0,,1.0,,,,,,,1,CC,0.7863255305842958,9933100.0,0.0,2.0,9.0,11.0,0.0,2025-09-03,2025-09-03,0,0.0,0
BINA,2025-09-03,4410.0,5500.0,,1.0,,,,,,,0,RS,1.0,24255000.0,0.0,1.0,5.0,6.0,0.0,2025-09-03,2025-09-03,0,0.0,0
BINO,2025-09-03,121.0,1143300.0,,1.0,,,,,,,1,YP,0.7136547118950206,78231900.0,0.0,10.0,7.0,17.0,0.0,2025-09-03,2025-09-03,0,0.0,0
BIPI,2025-09-03,81.0,121671900.0,,1.0,,,,,,,1,XA,0.6380251020378062,4312592800.0,-731760800.0,10.0,10.0,20.0,0.0,2025-09-03,2025-09-03,0,0.0,0
BIPP,2025-09-03,50.0,200200.0,,1.0,,,,,,,1,XL,0.4046936326846033,1990000.0,0.0,4.0,5.0,9.0,0.0,2025-09-03,2025-09-03,0,0.0,0
BIRD,2025-09-03,1795.0,1116100.0,,1.0,,,,,,,0,XL,0.2716020381025698,315058500.0,-6829000.0,10.0,10.0,20.0,0.0,2025-09-03,2025-09-03,0,0.0,0
BISI,2025-09-03,880.0,250600.0,,1.0,,,,,,,0,XL,0.527646625150978,100914000.0,267500.0,9.0,10.0,19.0,0.0,2025-09-03,2025-09-03,0,0.0,0
BJBR,2025-09-03,775.0,5370400.0,,1.0,,,,,,,0,NI,0.1560953071927981,216224000.0,-177481500.0,10.0,8.0,18.0,0.0,2025-09-03,2025-09-03,0,0.0,0
BJTM,2025-09-03,510.0,3422500.0,,1.0,,,,,,,0,YP,0.4577529477762886,307217000.0,-51454000.0,10.0,9.0,19.0,0.0,2025-09-03,2025-09-03,0,0.0,0
BKDP,2025-09-03,42.0,1821900.0,,1.0,,,,,,,1,XL,0.8213580177230908,61118400.0,0.0,10.0,4.0,14.0,0.0,2025-09-03,2025-09-03,0,0.0,0
BKSL,2025-09-03,137.0,292411100.0,,1.0,,,,,,,1,IF,0.2116170803865582,1933322600.0,-408833700.0,10.0,10.0,20.0,0.0,2025-09-03,2025-09-03,0,0.0,0
BKSW,2025-09-03,68.0,9454800.0,,1.0,,,,,,,1,YP,0.3056621748944105,61087900.0,-1393100.0,10.0,9.0,19.0,0.0,2025-09-03,2025-09-03,0,0.0,0
BLES,2025-09-03,159.0,5710900.0,,1.0,,,,,,,1,XC,0.5163560981546503,305901900.0,-26956200.0,10.0,10.0,20.0,0.0,2025-09-03,2025-09-03,0,0.0,0
BLOG,2025-09-03,,,,,,,,,,,0,,,,,,,,,2025-09-03,,0,,0
BLTA,2025-09-03,44.0,24139400.0,,1.0,,,,,,,1,XL,0.3450737337037828,213127200.0,-20094800.0,10.0,10.0,20.0,0.0,2025-09-03,2025-09-03,0,0.0,0
BLTZ,2025-09-03,1800.0,200.0,,1.0,,,,,,,0,,,,,,,,,2025-09-01,,2,,1
BLUE,2025-09-03,318.0,207300.0,,1.0,,,,,,,1,XL,0.5533924815385696,26783200.0,0.0,8.0,6.0,14.0,0.0,2025-09-03,2025-09-03,0,0.0,0
BMAS,2025-09-03,720.0,24300.0,,1.0,,,,,,,0,ZP,0.3129990418396678,1470000.0,0.0,7.0,5.0,12.0,0.0,2025-09-03,2025-09-03,0,0.0,0
BMBL,2025-09-03,40.0,13531400.0,,1.0,,,,,,,1,DR,0.4055820777129426,122303600.0,6149000.0,8.0,10.0,18.0,0.0,2025-09-03,2025-09-03,0,0.0,0
BMHS,2025-09-03,187.0,1907100.0,,1.0,,,,,,,1,XL,0.1851314734435797,54535400.0,-11487200.0,10.0,7.0,17.0,0.0,2025-09-03,2025-09-03,0,0.0,0
BMRI,2025-09-03,4620.0,131617900.0,,1.0,,,,,,,0,AK,0.3035820333248443,76009225000.0,12119126000.0,10.0,10.0,20.0,0.0,2025-09-03,2025-09-03,0,0.0,0
BMSR,2025-09-03,264.0,486100.0,,1.0,,,,,,,1,XC,0.375120502458737,7704600.0,220800.0,10.0,10.0,20.0,0.0,2025-09-03,2025-09-03,0,0.0,0
BMTR,2025-09-03,145.0,43667700.0,,1.0,,,,,,,1,BK,0.3757656339324874,342191200.0,47419300.0,10.0,10.0,20.0,0.0,2025-09-03,2025-09-03,0,0.0,0
BNBA,2025-09-03,760.0,360800.0,,1.0,,,,,,,0,BQ,0.8179892929793524,141946500.0,-2832500.0,10.0,10.0,20.0,0.0,2025-09-03,2025-09-03,0,0.0,0
BNBR,2025-09-03,31.0,81157000.0,,1.0,,,,,,,1,EP,0.4342541232459513,818530200.0,-332779800.0,10.0,6.0,16.0,0.0,2025-09-03,2025-09-03,0,0.0,0
BNGA,2025-09-03,1695.0,2888100.0,,1.0,,,,,,,0,BK,0.4288384655864286,1203632500.0,-87541000.0,10.0,10.0,20.0,0.0,2025-09-03,2025-09-03,0,0.0,0
BNII,2025-09-03,212.0,293800.0,,1.0,,,,,,,1,CC,0.5638968358106219,31458000.0,105000.0,8.0,10.0,18.0,0.0,2025-09-03,2025-09-03,0,0.0,0
BNLI,2025-09-03,3140.0,241500.0,,1.0,,,,,,,0,ZP,0.8049531337224648,344627000.0,16215000.0,5.0,10.0,15.0,0.0,2025-09-03,2025-09-03,0,0.0,0
BOAT,2025-09-03,124.0,23343500.0,,1.0,,,,,,,1,XL,0.4096628918815477,330849200.0,8050200.0,10.0,10.0,20.0,0.0,2025-09-03,2025-09-03,0,0.0,0
BOBA,2025-09-03,181.0,135500.0,,1.0,,,,,,,1,YP,0.3576676890909629,7253000.0,0.0,7.0,6.0,13.0,0.0,2025-09-03,2025-09-03,0,0.0,0
BOGA,2025-09-03,580.0,510700.0,,1.0,,,,,,,0,BR,0.4701315159372554,80502500.0,-1710000.0,10.0,8.0,18.0,0.0,2025-09-03,2025-09-03,0,0.0,0
BOLA,2025-09-03,194.0,775600.0,,1.0,,,,,,,1,DH,0.5145870398488444,25655200.0,330200.0,10.0,10.0,20.0,0.0,2025-09-03,2025-09-03,0,0.0,0
BOLT,2025-09-03,1075.0,100.0,,1.0,,,,,,,0,XL,1.0,107500.0,0.0,1.0,1.0,2.0,0.0,2025-09-03,2025-09-03,0,0.0,0
BOSS,2025-09-03,,,,,,,,,,,0,,,,,,,,,2025-09-03,,0,,0
BPFI,2025-09-03,338.0,6400.0,,1.0,,,,,,,1,XA,0.7810333672243276,1690000.0,0.0,3.0,2.0,5.0,0.0,2025-09-03,2025-09-03,0,0.0,0
BPII,2025-09-03,565.0,322000.0,,1.0,,,,,,,0,DR,0.2373316228351507,23125000.0,-1815000.0,10.0,10.0,20.0,0.0,2025-09-03,2025-09-03,0,0.0,0
BPTR,2025-09-03,97.0,181200.0,,1.0,,,,,,,1,XL,0.867369150779896,12511800.0,0.0,5.0,4.0,9.0,0.0,2025-09-03,2025-09-03,0,0.0,0
BRAM,2025-09-03,5125.0,1400.0,,1.0,,,,,,,0,EP,0.6650406504065041,1022500.0,0.0,2.0,2.0,4.0,0.0,2025-09-03,2025-09-03,0,0.0,0
BREN,2025-09-03,8600.0,30961700.0,,1.0,,,,,,,0,MG,0.2830852695016686,28944725000.0,-14978855000.0,10.0,10.0,20.0,0.0,2025-09-03,2025-09-03,0,0.0,0
BRIS,2025-09-03,2720.0,5887800.0,,1.0,,,,,,,0,KZ,0.6384305927362033,4937868000.0,835365000.0,10.0,10.0,20.0,0.0,2025-09-03,2025-09-03,0,0.0,0
BRMS,2025-09-03,520.0,1115637700.0,,1.0,,,,,,,0,YP,0.3712201713176314,45881038000.0,-49089982500.0,10.0,10.0,20.0,0.0,2025-09-03,2025-09-03,0,0.0,0
BRNA,2025-09-03,740.0,109000.0,,1.0,,,,,,,0,YU,0.7146718908020023,56180000.0,0.0,7.0,4.0,11.0,0.0,2025-09-03,2025-09-03,0,0.0,0
BRPT,2025-09-03,2200.0,76629900.0,,1.0,,,,,,,0,CC,0.1511792096279687,7907094000.0,-14691302000.0,10.0,10.0,20.0,0.0,2025-09-03,2025-09-03,0,0.0,0
BRRC,2025-09-03,,,,,,,,,,,0,,,,,,,,,2025-09-03,,0,,0
BSBK,2025-09-03,79.0,566541600.0,,1.0,,,,,,,1,XL,0.3583500531466189,3246190500.0,410880800.0,10.0,10.0,20.0,0.0,2025-09-03,2025-09-03,0,0.0,0
BSDE,2025-09-03,1145.0,37595800.0,,1.0,,,,,,,0,ZP,0.3342615837776462,5093053000.0,327502500.0,10.0,10.0,20.0,0.0,2025-09-03,2025-09-03,0,0.0,0
BSIM,2025-09-03,885.0,21500.0,,1.0,,,,,,,0,KK,0.6472919987935715,7511500.0,0.0,4.0,5.0,9.0,0.0,2025-09-03,2025-09-03,0,0.0,0
BSML,2025-09-03,108.0,46578000.0,,1.0,,,,,,,1,CP,0.7226988095685596,1663031500.0,-29391400.0,10.0,10.0,20.0,0.0,2025-09-03,2025-09-03,0,0.0,0
BSSR,2025-09-03,3960.0,254900.0,,1.0,,,,,,,0,NI,0.5170110460682159,204725000.0,-9495000.0,10.0,9.0,19.0,0.0,2025-09-03,2025-09-03,0,0.0,0
BSWD,2025-09-03,1410.0,100.0,,1.0,,,,,,,0,XC,1.0,141000.0,0.0,1.0,1.0,2.0,0.0,2025-09-03,2025-09-03,0,0.0,0
BTEK,2025-09-03,15.0,415645100.0,,1.0,,,,,,,1,CC,0.4676800411862158,1062852000.0,167112000.0,10.0,10.0,20.0,0.0,2025-09-03,2025-09-03,0,0.0,0
BTEL,2025-09-03,,,,,,,,,,,0,,,,,,,,,2025-09-03,,0,,0
BTON,2025-09-03,370.0,16100.0,,1.0,,,,,,,1,AI,0.7194994211367771,2610200.0,0.0,6.0,6.0,12.0,0.0,2025-09-03,2025-09-03,0,0.0,0
BTPN,2025-09-03,2130.0,20500.0,,1.0,,,,,,,0,YP,0.4714122527505561,7841000.0,0.0,7.0,7.0,14.0,0.0,2025-09-03,2025-09-03,0,0.0,0
BTPS,2025-09-03,1450.0,6640300.0,,1.0,,,,,,,0,OD,0.7222100284399701,3785639000.0,-92324500.0,10.0,10.0,20.0,0.0,2025-09-03,2025-09-03,0,0.0,0
BUAH,2025-09-03,1435.0,315300.0,,1.0,,,,,,,0,YP,0.3726523897704887,126176000.0,-134500.0,10.0,8.0,18.0,0.0,2025-09-03,2025-09-03,0,0.0,0
BUDI,2025-09-03,220.0,95200.0,,1.0,,,,,,,1,XL,0.5409249885465902,9681800.0,0.0,6.0,6.0,12.0,0.0,2025-09-03,2025-09-03,0,0.0,0
BUKA,2025-09-03,174.0,181574000.0,,1.0,,,,,,,1,ZP,0.2238523469124455,4290545900.0,-804007900.0,10.0,10.0,20.0,0.0,2025-09-03,2025-09-03,0,0.0,0
BUKK,2025-09-03,860.0,51900.0,,1.0,,,,,,,0,CC,0.6593617971353004,9598000.0,0.0,4.0,6.0,10.0,0.0,2025-09-03,2025-09-03,0,0.0,0
BULL,2025-09-03,154.0,410412400.0,,1.0,,,,,,,1,II,0.4320221805006057,8042287300.0,551718400.0,10.0,10.0,20.0,0.0,2025-09-03,2025-09-03,0,0.0,0
BUMI,2025-09-03,113.0,1028266600.0,,1.0,,,,,,,1,CP,0.3134374010665164,8228115300.0,-2396039800.0,10.0,10.0,20.0,0.0,2025-09-03,2025-09-03,0,0.0,0
BUVA,2025-09-03,362.0,160389400.0,,1.0,,,,,,,1,YJ,0.3765474277339928,8157712200.0,-4667413400.0,10.0,10.0,20.0,0.0,2025-09-03,2025-09-03,0,0.0,0
BVIC,2025-09-03,110.0,42137100.0,,1.0,,,,,,,1,KK,0.2732652310432018,339308300.0,-249918500.0,10.0,10.0,20.0,0.0,2025-09-03,2025-09-03,0,0.0,0
BWPT,2025-09-03,,,,,,,,,,,0,,,,,,,,,2025-09-03,,0,,0
BYAN,2025-09-03,18150.0,7900.0,,1.0,,,,,,,0,KK,0.3571639489484563,27215000.0,0.0,6.0,9.0,15.0,0.0,2025-09-03,2025-09-03,0,0.0,0
CAKK,2025-09-03,150.0,6931500.0,,1.0,,,,,,,1,AZ,0.7353814581608278,246895500.0,405700.0,10.0,10.0,20.0,0.0,2025-09-03,2025-09-03,0,0.0,0
CAMP,2025-09-03,214.0,1613900.0,,1.0,,,,,,,1,AH,0.689769566182348,165340800.0,272000.0,10.0,10.0,20.0,0.0,2025-09-03,2025-09-03,0,0.0,0
CANI,2025-09-03,42.0,1560700.0,,1.0,,,,,,,1,YP,0.5501536584462777,31202900.0,0.0,5.0,7.0,12.0,0.0,2025-09-03,2025-09-03,0,0.0,0
CARE,2025-09-03,300.0,19912200.0,,1.0,,,,,,,1,TP,0.5609557905064506,454652200.0,31430200.0,10.0,10.0,20.0,0.0,2025-09-03,2025-09-03,0,0.0,0
CARS,2025-09-03,138.0,78359500.0,,1.0,,,,,,,1,RF,0.3252736089722162,1182894300.0,-259157400.0,10.0,10.0,20.0,0.0,2025-09-03,2025-09-03,0,0.0,0
CASA,2025-09-03,1130.0,4407500.0,,1.0,,,,,,,0,AO,0.3495538668674836,268061500.0,-30565000.0,10.0,10.0,20.0,0.0,2025-09-03,2025-09-03,0,0.0,0
CASH,2025-09-03,101.0,1744000.0,,1.0,,,,,,,1,XL,0.6668534989565051,42593200.0,0.0,8.0,10.0,18.0,0.0,2025-09-03,2025-09-03,0,0.0,0
CASS,2025-09-03,2650.0,122300.0,,1.0,,,,,,,0,PD,0.5403492415341512,113596000.0,-1547000.0,10.0,7.0,17.0,0.0,2025-09-03,2025-09-03,0,0.0,0
CBDK,2025-09-03,,,,,,,,,,,0,,,,,,,,,2025-09-03,,0,,0
CBMF,2025-09-03,,,,,,,,,,,0,,,,,,,,,2025-09-03,,0,,0
CBPE,2025-09-03,194.0,2984800.0,,1.0,,,,,,,1,XL,0.5817798499958815,78398500.0,-53300.0,10.0,10.0,20.0,0.0,2025-09-03,2025-09-03,0,0.0,0
CBRE,2025-09-03,290.0,16876100.0,,1.0,,,,,,,1,CP,0.9175407616325868,4264334000.0,608391000.0,4.0,10.0,14.0,0.0,2025-09-03,2025-09-03,0,0.0,0
CBUT,2025-09-03,1585.0,41200.0,,1.0,,,,,,,0,YP,0.4964899017172481,6895500.0,0.0,6.0,4.0,10.0,0.0,2025-09-03,2025-09-03,0,0.0,0
CCSI,2025-09-03,370.0,1535800.0,,1.0,,,,,,,1,XL,0.5693356518690033,135089800.0,143600.0,10.0,10.0,20.0,0.0,2025-09-03,2025-09-03,0,0.0,0
CDIA,2025-09-03,,,,,,,,,,,0,,,,,,,,,2025-09-03,,0,,0
CEKA,2025-09-03,2690.0,9900.0,,1.0,,,,,,,0,AT,0.462372752354676,4860000.0,0.0,6.0,6.0,12.0,0.0,2025-09-03,2025-09-03,0,0.0,0
CENT,2025-09-03,125.0,85692100.0,,1.0,,,,,,,1,KK,0.2328789490102108,269280700.0,22604900.0,10.0,10.0,20.0,0.0,2025-09-03,2025-09-03,0,0.0,0
CFIN,2025-09-03,314.0,1151800.0,,1.0,,,,,,,1,KK,0.5025338484041556,133990600.0,-2581200.0,10.0,10.0,20.0,0.0,2025-09-03,2025-09-03,0,0.0,0
CGAS,2025-09-03,165.0,222840800.0,,1.0,,,,,,,1,YJ,0.7390379266807355,3859298400.0,262443000.0,10.0,10.0,20.0,0.0,2025-09-03,2025-09-03,0,0.0,0
CHEK,2025-09-03,,,,,,,,,,,0,,,,,,,,,2025-09-03,,0,,0
CHEM,2025-09-03,99.0,58854500.0,,1.0,,,,,,,1,EP,0.8386405797848593,1786180400.0,-158599300.0,10.0,10.0,20.0,0.0,2025-09-03,2025-09-03,0,0.0,0
CHIP,2025-09-03,1375.0,74700.0,,1.0,,,,,,,0,SF,0.2770901305057096,13588500.0,0.0,8.0,7.0,15.0,0.0,2025-09-03,2025-09-03,0,0.0,0
CINT,2025-09-03,163.0,1021800.0,,1.0,,,,,,,1,XL,0.4205737869120705,23723600.0,-383800.0,10.0,10.0,20.0,0.0,2025-09-03,2025-09-03,0,0.0,0
CITA,2025-09-03,4130.0,297900.0,,1.0,,,,,,,0,XL,0.2462370558105565,203641000.0,-16117000.0,10.0,8.0,18.0,0.0,2025-09-03,2025-09-03,0,0.0,0
CITY,2025-09-03,103.0,2258200.0,,1.0,,,,,,,1,AZ,0.7372611042097591,99944000.0,-5500.0,10.0,9.0,19.0,0.0,2025-09-03,2025-09-03,0,0.0,0
CLAY,2025-09-03,1500.0,32400.0,,1.0,,,,,,,0,AZ,0.3703741808043292,18000000.0,0.0,7.0,2.0,9.0,0.0,2025-09-03,2025-09-03,0,0.0,0
CLEO,2025-09-03,555.0,8922800.0,,1.0,,,,,,,0,CC,0.1989624643393102,365062000.0,-272078000.0,10.0,10.0,20.0,0.0,2025-09-03,2025-09-03,0,0.0,0
CLPI,2025-09-03,1235.0,82400.0,,1.0,,,,,,,0,XL,0.4470553085291481,38155500.0,0.0,10.0,4.0,14.0,0.0,2025-09-03,2025-09-03,0,0.0,0
CMNP,2025-09-03,1350.0,60700.0,,1.0,,,,,,,0,XL,0.6743652390889445,45404000.0,135500.0,7.0,10.0,17.0,0.0,2025-09-03,2025-09-03,0,0.0,0
CMNT,2025-09-03,850.0,67396800.0,,1.0,,,,,,,0,AK,0.4646511392452327,2588394000.0,-225128500.0,10.0,10.0,20.0,0.0,2025-09-03,2025-09-03,0,0.0,0
CMPP,2025-09-03,93.0,447300.0,,1.0,,,,,,,1,GR,0.7912362492615713,19823000.0,0.0,4.0,8.0,12.0,0.0,2025-09-03,2025-09-03,0,0.0,0
CMRY,2025-09-03,4950.0,926200.0,,1.0,,,,,,,0,KZ,0.7945878337838795,2973153000.0,114002000.0,10.0,10.0,20.0,0.0,2025-09-03,2025-09-03,0,0.0,0
CNKO,2025-09-03,100.0,28658100.0,,1.0,,,,,,,1,CC,0.2367083961737295,314796200.0,-74126900.0,10.0,10.0,20.0,0.0,2025-09-03,2025-09-03,0,0.0,0
CNMA,2025-09-03,133.0,22243200.0,,1.0,,,,,,,1,PD,0.7115293008706718,1027513700.0,15876300.0,10.0,10.0,20.0,0.0,2025-09-03,2025-09-03,0,0.0,0
CNTX,2025-09-03,,,,,,,,,,,0,,,,,,,,,2025-09-03,,0,,0
COAL,2025-09-03,55.0,30836300.0,,1.0,,,,,,,1,CC,0.4004379384856825,354007600.0,18697900.0,10.0,10.0,20.0,0.0,2025-09-03,2025-09-03,0,0.0,0
COCO,2025-09-03,670.0,25948400.0,,1.0,,,,,,,0,XL,0.3186833076504327,1493969500.0,-90397500.0,10.0,10.0,20.0,0.0,2025-09-03,2025-09-03,0,0.0,0
COIN,2025-09-03,,,,,,,,,,,0,,,,,,,,,2025-09-03,,0,,0
COWL,2025-09-03,,,,,,,,,,,0,,,,,,,,,2025-09-03,,0,,0
CPIN,2025-09-03,4430.0,7162200.0,,1.0,,,,,,,0,PD,0.3776883911537075,7089548000.0,2141653000.0,10.0,10.0,20.0,0.0,2025-09-03,2025-09-03,0,0.0,0
CPRI,2025-09-03,,,,,,,,,,,0,,,,,,,,,2025-09-03,,0,,0
CPRO,2025-09-03,59.0,648779200.0,,1.0,,,,,,,1,YP,0.2915723083917559,2503086600.0,-1409265500.0,10.0,10.0,20.0,0.0,2025-09-03,2025-09-03,0,0.0,0
CRAB,2025-09-03,240.0,1604400.0,,1.0,,,,,,,1,EP,0.995285545912354,124472600.0,0.0,2.0,6.0,8.0,0.0,2025-09-03,2025-09-03,0,0.0,0
CRSN,2025-09-03,115.0,684800.0,,1.0,,,,,,,1,XC,0.8260202407530126,25677500.0,0.0,8.0,7.0,15.0,0.0,2025-09-03,2025-09-03,0,0.0,0
CSAP,2025-09-03,292.0,127400.0,,1.0,,,,,,,1,YP,0.4575586583557544,13639000.0,0.0,6.0,7.0,13.0,0.0,2025-09-03,2025-09-03,0,0.0,0
CSIS,2025-09-03,119.0,1102000.0,,1.0,,,,,,,1,XL,0.2452856928348604,14538500.0,0.0,8.0,5.0,13.0,0.0,2025-09-03,2025-09-03,0,0.0,0
CSMI,2025-09-03,412.0,742700.0,,1.0,,,,,,,1,XL,0.3640318934215865,69077600.0,0.0,8.0,5.0,13.0,0.0,2025-09-03,2025-09-03,0,0.0,0
CSRA,2025-09-03,835.0,1671500.0,,1.0,,,,,,,0,NI,0.3678881562059048,225001500.0,609500.0,10.0,10.0,20.0,0.0,2025-09-03,2025-09-03,0,0.0,0
CTBN,2025-09-03,5125.0,100.0,,1.0,,,,,,,0,,,,,,,,,2025-09-03,,0,,0
CTRA,2025-09-03,990.0,39324000.0,,1.0,,,,,,,0,YU,0.2943811675680332,4244719000.0,-3157331500.0,10.0,9.0,19.0,0.0,2025-09-03,2025-09-03,0,0.0,0
CTTH,2025-09-03,42.0,75400.0,,1.0,,,,,,,1,XL,0.6912751677852349,2163000.0,0.0,4.0,8.0,12.0,0.0,2025-09-03,2025-09-03,0,0.0,0
CUAN,2025-09-03,1520.0,57669600.0,,1.0,,,,,,,0,BK,0.3683317953925724,11508417000.0,762023500.0,10.0,10.0,20.0,0.0,2025-09-03,2025-09-03,0,0.0,0
CYBR,2025-09-03,950.0,18991100.0,,1.0,,,,,,,0,TP,0.3487746341463414,1161855500.0,-103572000.0,10.0,10.0,20.0,0.0,2025-09-03,2025-09-03,0,0.0,0
DAAZ,2025-09-03,3150.0,199700.0,,1.0,,,,,,,0,YP,0.2475591366731147,65012000.0,-308000.0,10.0,10.0,20.0,0.0,2025-09-03,2025-09-03,0,0.0,0
DADA,2025-09-03,39.0,6132900.0,,1.0,,,,,,,1,CP,0.5515285326086956,126648600.0,2234700.0,7.0,10.0,17.0,0.0,2025-09-03,2025-09-03,0,0.0,0
DART,2025-09-03,163.0,1002500.0,,1.0,,,,,,,1,SQ,0.8899596934868959,133781500.0,0.0,7.0,8.0,15.0,0.0,2025-09-03,2025-09-03,0,0.0,0
DATA,2025-09-03,4560.0,46708900.0,,1.0,,,,,,,0,,,,,,,,,2025-08-27,,7,,1
DAYA,2025-09-03,1015.0,4600.0,,1.0,,,,,,,0,XC,0.8693965517241379,2017000.0,0.0,4.0,5.0,9.0,0.0,2025-09-03,2025-09-03,0,0.0,0
DCII,2025-09-03,327700.0,7300.0,,1.0,,,,,,,0,KK,0.1865716332538589,166677500.0,0.0,9.0,6.0,15.0,0.0,2025-09-03,2025-09-03,0,0.0,0
DEAL,2025-09-03,,,,,,,,,,,0,,,,,,,,,2025-09-03,,0,,0
DEFI,2025-09-03,386.0,261300.0,,1.0,,,,,,,1,XL,0.7202614379084967,63805800.0,0.0,8.0,5.0,13.0,0.0,2025-09-03,2025-09-03,0,0.0,0
DEPO,2025-09-03,198.0,159600.0,,1.0,,,,,,,1,XL,0.7465671366694314,13771700.0,0.0,7.0,7.0,14.0,0.0,2025-09-03,2025-09-03,0,0.0,0
DEWA,2025-09-03,226.0,251538400.0,,1.0,,,,,,,1,ZP,0.4136016762946626,5221716200.0,741532800.0,10.0,10.0,20.0,0.0,2025-09-03,2025-09-03,0,0.0,0
DEWI,2025-09-03,110.0,51355800.0,,1.0,,,,,,,1,XA,0.9018146430552216,2041121000.0,-3189100.0,10.0,10.0,20.0,0.0,2025-09-03,2025-09-03,0,0.0,0
DFAM,2025-09-03,86.0,69790600.0,,1.0,,,,,,,1,MG,0.2622492529229473,88170900.0,21787800.0,10.0,10.0,20.0,0.0,2025-09-03,2025-09-03,0,0.0,0
DGIK,2025-09-03,99.0,23538000.0,,1.0,,,,,,,1,MG,0.3884349897213801,190124400.0,-9421700.0,10.0,10.0,20.0,0.0,2025-09-03,2025-09-03,0,0.0,0
DGNS,2025-09-03,146.0,938800.0,,1.0,,,,,,,1,XC,0.4764912059774168,22702900.0,21500.0,10.0,10.0,20.0,0.0,2025-09-03,2025-09-03,0,0.0,0
DGWG,2025-09-03,,,,,,,,,,,0,,,,,,,,,2025-09-03,,0,,0
DIGI,2025-09-03,34.0,913700.0,,1.0,,,,,,,1,SQ,0.4719149993786504,7595000.0,0.0,10.0,4.0,14.0,0.0,2025-09-03,2025-09-03,0,0.0,0
DILD,2025-09-03,138.0,7271000.0,,1.0,,,,,,,1,XC,0.2092014724459165,98670000.0,-28542900.0,10.0,10.0,20.0,0.0,2025-09-03,2025-09-03,0,0.0,0
DIVA,2025-09-03,133.0,12672000.0,,1.0,,,,,,,1,CC,0.7351662322202537,148094900.0,15846200.0,10.0,10.0,20.0,0.0,2025-09-03,2025-09-03,0,0.0,0
DKFT,2025-09-03,780.0,78690800.0,,1.0,,,,,,,0,SQ,0.4250143467433921,9088780500.0,1393213000.0,10.0,10.0,20.0,0.0,2025-09-03,2025-09-03,0,0.0,0
DKHH,2025-09-03,,,,,,,,,,,0,,,,,,,,,2025-09-03,,0,,0
DLTA,2025-09-03,1975.0,61800.0,,1.0,,,,,,,0,KK,0.3561553506064738,39698500.0,0.0,10.0,4.0,14.0,0.0,2025-09-03,2025-09-03,0,0.0,0
DMAS,2025-09-03,138.0,24869500.0,,1.0,,,,,,,1,CC,0.2245187267930991,374215600.0,-147655300.0,10.0,10.0,20.0,0.0,2025-09-03,2025-09-03,0,0.0,0
DMMX,2025-09-03,334.0,1562000.0,,1.0,,,,,,,1,NI,0.4344963656867669,88924200.0,-109800.0,10.0,10.0,20.0,0.0,2025-09-03,2025-09-03,0,0.0,0
DMND,2025-09-03,575.0,48900.0,,1.0,,,,,,,0,OD,0.4131917586667604,5876000.0,0.0,9.0,3.0,12.0,0.0,2025-09-03,2025-09-03,0,0.0,0
DNAR,2025-09-03,122.0,7516500.0,,1.0,,,,,,,1,XL,0.2943409229351201,55181800.0,909100.0,10.0,10.0,20.0,0.0,2025-09-03,2025-09-03,0,0.0,0
DNET,2025-09-03,9200.0,53600.0,,1.0,,,,,,,0,CC,0.4363301482825034,116672500.0,-40000.0,10.0,7.0,17.0,0.0,2025-09-03,2025-09-03,0,0.0,0
DOID,2025-09-03,370.0,65949500.0,,1.0,,,,,,,1,YP,0.2412535854928981,2185231600.0,-621749800.0,10.0,10.0,20.0,0.0,2025-09-03,2025-09-03,0,0.0,0
DOOH,2025-09-03,142.0,71635500.0,,1.0,,,,,,,1,AZ,0.3422188377964269,806139900.0,2726700.0,10.0,10.0,20.0,0.0,2025-09-03,2025-09-03,0,0.0,0
DOSS,2025-09-03,142.0,1602900.0,,1.0,,,,,,,1,XL,0.7045005134158105,95160900.0,-32300.0,10.0,10.0,20.0,0.0,2025-09-03,2025-09-03,0,0.0,0
DPNS,2025-09-03,260.0,44800.0,,1.0,,,,,,,1,PD,0.4780518878851054,3302000.0,0.0,6.0,4.0,10.0,0.0,2025-09-03,2025-09-03,0,0.0,0
DPUM,2025-09-03,66.0,9104700.0,,1.0,,,,,,,1,BQ,0.2997757208711089,41034200.0,-1699400.0,10.0,10.0,20.0,0.0,2025-09-03,2025-09-03,0,0.0,0
DRMA,2025-09-03,1010.0,532500.0,,1.0,,,,,,,0,BK,0.3363359084641224,139273000.0,-8598000.0,10.0,10.0,20.0,0.0,2025-09-03,2025-09-03,0,0.0,0
DSFI,2025-09-03,82.0,2679800.0,,1.0,,,,,,,1,RG,0.2670731747526825,24300000.0,1776100.0,10.0,10.0,20.0,0.0,2025-09-03,2025-09-03,0,0.0,0
DSNG,2025-09-03,1680.0,46304700.0,,1.0,,,,,,,0,BK,0.2791680615771037,7817291000.0,947298000.0,10.0,10.0,20.0,0.0,2025-09-03,2025-09-03,0,0.0,0
DSSA,2025-09-03,109800.0,6894300.0,,1.0,,,,,,,0,AK,0.3636512013991909,216772047500.0,-2283877500.0,10.0,10.0,20.0,0.0,2025-09-03,2025-09-03,0,0.0,0
DUCK,2025-09-03,,,,,,,,,,,0,,,,,,,,,2025-09-03,,0,,0
DUTI,2025-09-03,4500.0,83900.0,,1.0,,,,,,,0,XC,0.5006076015629382,26777000.0,-675000.0,10.0,5.0,15.0,0.0,2025-09-03,2025-09-03,0,0.0,0
DVLA,2025-09-03,1595.0,743300.0,,1.0,,,,,,,0,CC,0.5702378305054593,512860500.0,-41984000.0,10.0,3.0,13.0,0.0,2025-09-03,2025-09-03,0,0.0,0
DWGL,2025-09-03,230.0,117400.0,,1.0,,,,,,,1,KK,0.5189947297356157,11915600.0,0.0,9.0,6.0,15.0,0.0,2025-09-03,2025-09-03,0,0.0,0
DYAN,2025-09-03,89.0,2368000.0,,1.0,,,,,,,1,XA,0.3513705862458596,40830000.0,20700.0,10.0,10.0,20.0,0.0,2025-09-03,2025-09-03,0,0.0,0
EAST,2025-09-03,96.0,11057500.0,,1.0,,,,,,,1,KK,0.8137983427545123,622480700.0,-6942300.0,10.0,7.0,17.0,0.0,2025-09-03,2025-09-03,0,0.0,0
ECII,2025-09-03,190.0,1840900.0,,1.0,,,,,,,1,FS,0.5164709769941871,63456000.0,-570000.0,10.0,8.0,18.0,0.0,2025-09-03,2025-09-03,0,0.0,0
EDGE,2025-09-03,4260.0,20100.0,,1.0,,,,,,,0,CC,0.3068442982865898,16422000.0,0.0,10.0,7.0,17.0,0.0,2025-09-03,2025-09-03,0,0.0,0
EKAD,2025-09-03,188.0,20300.0,,1.0,,,,,,,1,CC,0.5047121020572348,878300.0,0.0,8.0,6.0,14.0,0.0,2025-09-03,2025-09-03,0,0.0,0
ELIT,2025-09-03,191.0,9392500.0,,1.0,,,,,,,1,NI,0.3208968605907529,218143600.0,-16501400.0,10.0,10.0,20.0,0.0,2025-09-03,2025-09-03,0,0.0,0
ELPI,2025-09-03,384.0,2877200.0,,1.0,,,,,,,1,CP,0.6350325289705593,321762600.0,-13242800.0,10.0,10.0,20.0,0.0,2025-09-03,2025-09-03,0,0.0,0
ELSA,2025-09-03,500.0,18836300.0,,1.0,,,,,,,0,TP,0.2050278632292072,964858500.0,-158412300.0,10.0,10.0,20.0,0.0,2025-09-03,2025-09-03,0,0.0,0
ELTY,2025-09-03,18.0,160423800.0,,1.0,,,,,,,1,EP,0.2036380825459743,321805800.0,-218910600.0,10.0,6.0,16.0,0.0,2025-09-03,2025-09-03,0,0.0,0
EMDE,2025-09-03,99.0,1574000.0,,1.0,,,,,,,1,XL,0.2164842860782604,16908700.0,-295700.0,10.0,5.0,15.0,0.0,2025-09-03,2025-09-03,0,0.0,0
EMTK,2025-09-03,1340.0,124195700.0,,1.0,,,,,,,0,AZ,0.6233119638002729,33073251000.0,928158000.0,10.0,10.0,20.0,0.0,2025-09-03,2025-09-03,0,0.0,0
ENAK,2025-09-03,705.0,813400.0,,1.0,,,,,,,0,RG,0.3440743803451352,126490000.0,-6095500.0,10.0,10.0,20.0,0.0,2025-09-03,2025-09-03,0,0.0,0
ENRG,2025-09-03,640.0,240813900.0,,1.0,,,,,,,0,BK,0.2666227841917966,10824712000.0,4526221000.0,10.0,10.0,20.0,0.0,2025-09-03,2025-09-03,0,0.0,0
ENVY,2025-09-03,,,,,,,,,,,0,,,,,,,,,2025-09-03,,0,,0
ENZO,2025-09-03,40.0,343600.0,,1.0,,,,,,,1,YB,0.351089479460928,3902500.0,-18600.0,10.0,4.0,14.0,0.0,2025-09-03,2025-09-03,0,0.0,0
EPAC,2025-09-03,40.0,18806200.0,,1.0,,,,,,,1,XL,0.3423560204128649,121855600.0,3188400.0,10.0,10.0,20.0,0.0,2025-09-03,2025-09-03,0,0.0,0
EPMT,2025-09-03,2310.0,6500.0,,1.0,,,,,,,0,GR,0.5658462615187215,4851000.0,0.0,4.0,3.0,7.0,0.0,2025-09-03,2025-09-03,0,0.0,0
ERAA,2025-09-03,442.0,71497000.0,,1.0,,,,,,,1,YP,0.2006934923199883,2796150000.0,-1648912600.0,10.0,10.0,20.0,0.0,2025-09-03,2025-09-03,0,0.0,0
ERAL,2025-09-03,324.0,8545800.0,,1.0,,,,,,,1,YP,0.2697779987415253,395468000.0,-13707000.0,10.0,10.0,20.0,0.0,2025-09-03,2025-09-03,0,0.0,0
ERTX,2025-09-03,120.0,1804900.0,,1.0,,,,,,,1,YP,0.4663996474471171,29845100.0,133400.0,7.0,10.0,17.0,0.0,2025-09-03,2025-09-03,0,0.0,0
ESIP,2025-09-03,49.0,1012100.0,,1.0,,,,,,,1,DH,0.5510489063232848,15508500.0,-107800.0,10.0,3.0,13.0,0.0,2025-09-03,2025-09-03,0,0.0,0
ESSA,2025-09-03,590.0,35664700.0,,1.0,,,,,,,0,BB,0.4616351096014628,6181100000.0,1518182000.0,10.0,10.0,20.0,0.0,2025-09-03,2025-09-03,0,0.0,0
ESTA,2025-09-03,71.0,37244500.0,,1.0,,,,,,,1,XL,0.4083716432165476,190613100.0,11070700.0,10.0,10.0,20.0,0.0,2025-09-03,2025-09-03,0,0.0,0
ESTI,2025-09-03,54.0,1887600.0,,1.0,,,,,,,1,KK,0.4796132596004782,38950400.0,-5400.0,10.0,7.0,17.0,0.0,2025-09-03,2025-09-03,0,0.0,0
ETWA,2025-09-03,,,,,,,,,,,0,,,,,,,,,2025-09-03,,0,,0
EURO,2025-09-03,252.0,762900.0,,1.0,,,,,,,1,II,0.9501750007249188,176949000.0,0.0,8.0,5.0,13.0,0.0,2025-09-03,2025-09-03,0,0.0,0
EXCL,2025-09-03,2750.0,2578800.0,,1.0,,,,,,,0,YP,0.255454275016472,1063098000.0,-228569000.0,10.0,10.0,20.0,0.0,2025-09-03,2025-09-03,0,0.0,0
FAPA,2025-09-03,5950.0,11200.0,,1.0,,,,,,,0,SQ,0.7993313731018649,49612500.0,0.0,6.0,2.0,8.0,0.0,2025-09-03,2025-09-03,0,0.0,0
FAST,2025-09-03,330.0,2034400.0,,1.0,,,,,,,1,YP,0.2512484497922012,42463400.0,-10053800.0,10.0,10.0,20.0,0.0,2025-09-03,2025-09-03,0,0.0,0
FASW,2025-09-03,,,,,,,,,,,0,,,,,,,,,2025-09-03,,0,,0
FILM,2025-09-03,3310.0,7622600.0,,1.0,,,,,,,0,CC,0.3562688330442633,3092256000.0,1859351000.0,10.0,10.0,20.0,0.0,2025-09-03,2025-09-03,0,0.0,0
FIMP,2025-09-03,,,,,,,,,,,0,,,,,,,,,2025-09-03,,0,,0
FIRE,2025-09-03,78.0,26888300.0,,1.0,,,,,,,1,YP,0.401562136475358,419243600.0,-35009800.0,10.0,10.0,20.0,0.0,2025-09-03,2025-09-03,0,0.0,0
FISH,2025-09-03,,,,,,,,,,,0,,,,,,,,,2025-09-03,,0,,0
FITT,2025-09-03,376.0,3661300.0,,1.0,,,,,,,1,YP,0.2257660407376572,126693400.0,54428000.0,9.0,10.0,19.0,0.0,2025-09-03,2025-09-03,0,0.0,0
FLMC,2025-09-03,195.0,2984800.0,,1.0,,,,,,,1,,,,,,,,,2025-09-01,,2,,1
FMII,2025-09-03,360.0,6100.0,,1.0,,,,,,,1,NI,0.3300554715078164,523600.0,0.0,4.0,4.0,8.0,0.0,2025-09-03,2025-09-03,0,0.0,0
FOLK,2025-09-03,79.0,876800.0,,1.0,,,,,,,1,YP,0.501018237180947,7700500.0,0.0,9.0,6.0,15.0,0.0,2025-09-03,2025-09-03,0,0.0,0
FOOD,2025-09-03,118.0,53000.0,,1.0,,,,,,,1,LG,1.0,5900000.0,0.0,1.0,9.0,10.0,0.0,2025-09-03,2025-09-03,0,0.0,0
FORE,2025-09-03,,,,,,,,,,,0,,,,,,,,,2025-09-03,,0,,0
FORU,2025-09-03,1170.0,240300.0,,1.0,,,,,,,0,CC,0.4186721704867523,84792000.0,1253000.0,7.0,10.0,17.0,0.0,2025-09-03,2025-09-03,0,0.0,0
FPNI,2025-09-03,192.0,790100.0,,1.0,,,,,,,1,XL,0.3886117717663144,36780200.0,-77300.0,10.0,8.0,18.0,0.0,2025-09-03,2025-09-03,0,0.0,0
FUJI,2025-09-03,450.0,636400.0,,1.0,,,,,,,1,CC,0.5906590649698881,88289000.0,-2422800.0,10.0,6.0,16.0,0.0,2025-09-03,2025-09-03,0,0.0,0
FUTR,2025-09-03,266.0,42963400.0,,1.0,,,,,,,1,YP,0.2085504989918068,1086716400.0,-415066400.0,10.0,10.0,20.0,0.0,2025-09-03,2025-09-03,0,0.0,0
FWCT,2025-09-03,160.0,4867300.0,,1.0,,,,,,,1,XL,0.3728538067093261,163028500.0,-9253400.0,10.0,8.0,18.0,0.0,2025-09-03,2025-09-03,0,0.0,0
GAMA,2025-09-03,,,,,,,,,,,0,,,,,,,,,2025-09-03,,0,,0
GDST,2025-09-03,109.0,683700.0,,1.0,,,,,,,1,KK,0.3041728104561731,11840900.0,0.0,10.0,9.0,19.0,0.0,2025-09-03,2025-09-03,0,0.0,0
GDYR,2025-09-03,1190.0,1300.0,,1.0,,,,,,,0,XC,0.7494736842105263,356000.0,0.0,2.0,3.0,5.0,0.0,2025-09-03,2025-09-03,0,0.0,0
GEMA,2025-09-03,117.0,6232700.0,,1.0,,,,,,,1,XL,0.3521150034797217,99723300.0,-5300.0,10.0,10.0,20.0,0.0,2025-09-03,2025-09-03,0,0.0,0
GEMS,2025-09-03,9200.0,477300.0,,1.0,,,,,,,0,CC,0.2095363503159634,324620000.0,-20652500.0,10.0,10.0,20.0,0.0,2025-09-03,2025-09-03,0,0.0,0
GGRM,2025-09-03,8575.0,783500.0,,1.0,,,,,,,0,AK,0.8264816664671009,3779027500.0,285127500.0,10.0,10.0,20.0,0.0,2025-09-03,2025-09-03,0,0.0,0
GGRP,2025-09-03,224.0,886900.0,,1.0,,,,,,,1,NI,0.2187612168221004,20600000.0,-110600.0,10.0,10.0,20.0,0.0,2025-09-03,2025-09-03,0,0.0,0
GHON,2025-09-03,1685.0,1000.0,,1.0,,,,,,,0,XL,0.5003709198813057,674500.0,0.0,3.0,3.0,6.0,0.0,2025-09-03,2025-09-03,0,0.0,0
GIAA,2025-09-03,66.0,18887100.0,,1.0,,,,,,,1,YP,0.3747731741701133,232161900.0,-35956700.0,10.0,6.0,16.0,0.0,2025-09-03,2025-09-03,0,0.0,0
GJTL,2025-09-03,1030.0,4269800.0,,1.0,,,,,,,0,AO,0.3511606157757516,821000000.0,-71823500.0,10.0,10.0,20.0,0.0,2025-09-03,2025-09-03,0,0.0,0
GLOB,2025-09-03,57.0,29900.0,,1.0,,,,,,,1,YP,0.4106187405679791,598600.0,0.0,5.0,4.0,9.0,0.0,2025-09-03,2025-09-03,0,0.0,0
GLVA,2025-09-03,328.0,9800.0,,1.0,,,,,,,1,DR,0.4041272570937231,658000.0,0.0,6.0,2.0,8.0,0.0,2025-09-03,2025-09-03,0,0.0,0
GMFI,2025-09-03,63.0,2155400.0,,1.0,,,,,,,1,NI,0.5477878836801193,57342600.0,373000.0,8.0,10.0,18.0,0.0,2025-09-03,2025-09-03,0,0.0,0
GMTD,2025-09-03,2260.0,600.0,,1.0,,,,,,,0,XC,1.0,1130000.0,0.0,1.0,3.0,4.0,0.0,2025-09-03,2025-09-03,0,0.0,0
GOLD,2025-09-03,258.0,22500.0,,1.0,,,,,,,1,YB,0.7581943310393094,3900000.0,0.0,7.0,4.0,11.0,0.0,2025-09-03,2025-09-03,0,0.0,0
GOLF,2025-09-03,222.0,3240400.0,,1.0,,,,,,,1,XL,0.431408500267181,165503400.0,-26837600.0,10.0,10.0,20.0,0.0,2025-09-03,2025-09-03,0,0.0,0
GOLL,2025-09-03,,,,,,,,,,,0,,,,,,,,,2025-09-03,,0,,0
GOOD,2025-09-03,370.0,145700.0,,1.0,,,,,,,1,YP,0.243166399456629,12315600.0,-554800.0,10.0,8.0,18.0,0.0,2025-09-03,2025-09-03,0,0.0,0
GOTO,2025-09-03,58.0,1273540500.0,,1.0,,,,,,,1,AK,0.343798677445236,9967674400.0,-4268220400.0,10.0,10.0,20.0,0.0,2025-09-03,2025-09-03,0,0.0,0
GPRA,2025-09-03,132.0,120691800.0,,1.0,,,,,,,1,BQ,0.7871874675770382,7894372100.0,-165814400.0,10.0,10.0,20.0,0.0,2025-09-03,2025-09-03,0,0.0,0
GPSO,2025-09-03,280.0,6349100.0,,1.0,,,,,,,1,KK,0.6777603119925011,702802200.0,1279200.0,10.0,10.0,20.0,0.0,2025-09-03,2025-09-03,0,0.0,0
GRIA,2025-09-03,120.0,60051800.0,,1.0,,,,,,,1,MG,0.4423389261847342,463973900.0,29264700.0,7.0,10.0,17.0,0.0,2025-09-03,2025-09-03,0,0.0,0
GRPH,2025-09-03,79.0,462681400.0,,1.0,,,,,,,1,PD,0.2528053757681476,1270958600.0,-206565100.0,10.0,10.0,20.0,0.0,2025-09-03,2025-09-03,0,0.0,0
GRPM,2025-09-03,55.0,3940200.0,,1.0,,,,,,,1,XC,0.2829289375203384,27822100.0,-850000.0,10.0,10.0,20.0,0.0,2025-09-03,2025-09-03,0,0.0,0
GSMF,2025-09-03,117.0,30464000.0,,1.0,,,,,,,1,PD,0.2702983952527734,196628000.0,-184904700.0,10.0,10.0,20.0,0.0,2025-09-03,2025-09-03,0,0.0,0
GTBO,2025-09-03,196.0,229800.0,,1.0,,,,,,,1,XL,0.4259623111869188,12986100.0,0.0,7.0,10.0,17.0,0.0,2025-09-03,2025-09-03,0,0.0,0
GTRA,2025-09-03,141.0,1009000.0,,1.0,,,,,,,1,CP,0.4719609270508798,29888200.0,39300.0,10.0,10.0,20.0,0.0,2025-09-03,2025-09-03,0,0.0,0
GTSI,2025-09-03,94.0,167987500.0,,1.0,,,,,,,1,XL,0.2914316142255879,1208603100.0,-490268200.0,10.0,10.0,20.0,0.0,2025-09-03,2025-09-03,0,0.0,0
GULA,2025-09-03,336.0,1618500.0,,1.0,,,,,,,1,XL,0.6219737877830468,149023800.0,14781400.0,10.0,10.0,20.0,0.0,2025-09-03,2025-09-03,0,0.0,0
GUNA,2025-09-03,238.0,204400.0,,1.0,,,,,,,1,XC,0.5243327064568281,12713600.0,0.0,7.0,10.0,17.0,0.0,2025-09-03,2025-09-03,0,0.0,0
GWSA,2025-09-03,154.0,883900.0,,1.0,,,,,,,1,YP,0.6013455405223853,70273300.0,-76500.0,10.0,5.0,15.0,0.0,2025-09-03,2025-09-03,0,0.0,0
GZCO,2025-09-03,216.0,351093300.0,,1.0,,,,,,,1,SQ,0.390626254147752,5136293600.0,-1136123800.0,10.0,10.0,20.0,0.0,2025-09-03,2025-09-03,0,0.0,0
HADE,2025-09-03,30.0,870700.0,,1.0,,,,,,,1,OD,0.4905433080351765,12216000.0,177000.0,3.0,10.0,13.0,0.0,2025-09-03,2025-09-03,0,0.0,0
HAIS,2025-09-03,194.0,3284500.0,,1.0,,,,,,,1,PF,0.6112464717748886,132987000.0,-1435600.0,10.0,7.0,17.0,0.0,2025-09-03,2025-09-03,0,0.0,0
HAJJ,2025-09-03,124.0,7939300.0,,1.0,,,,,,,1,AZ,0.184518937908185,57062500.0,-36725800.0,10.0,10.0,20.0,0.0,2025-09-03,2025-09-03,0,0.0,0
HALO,2025-09-03,88.0,3394200.0,,1.0,,,,,,,1,SQ,0.3915242826693773,29427200.0,-662000.0,10.0,8.0,18.0,0.0,2025-09-03,2025-09-03,0,0.0,0
HATM,2025-09-03,258.0,22161500.0,,1.0,,,,,,,1,AZ,0.7420550056940848,2186644800.0,-18244800.0,10.0,10.0,20.0,0.0,2025-09-03,2025-09-03,0,0.0,0
HBAT,2025-09-03,151.0,6732100.0,,1.0,,,,,,,1,,,,,,,,,2025-08-27,,7,,1
HDFA,2025-09-03,125.0,301300.0,,1.0,,,,,,,1,YP,0.9440252563929308,25147700.0,25600.0,3.0,10.0,13.0,0.0,2025-09-03,2025-09-03,0,0.0,0
HDIT,2025-09-03,61.0,15898900.0,,1.0,,,,,,,1,XL,0.383340960997212,208062600.0,-16762800.0,10.0,10.0,20.0,0.0,2025-09-03,2025-09-03,0,0.0,0
HEAL,2025-09-03,1605.0,6984800.0,,1.0,,,,,,,0,YU,0.4749005333299825,3136945500.0,62004500.0,10.0,10.0,20.0,0.0,2025-09-03,2025-09-03,0,0.0,0
HELI,2025-09-03,254.0,335400.0,,1.0,,,,,,,1,ZR,0.7510358363015193,51660000.0,-50400.0,10.0,5.0,15.0,0.0,2025-09-03,2025-09-03,0,0.0,0
HERO,2025-09-03,392.0,20200.0,,1.0,,,,,,,1,CC,0.5156792892641949,2345000.0,0.0,7.0,5.0,12.0,0.0,2025-09-03,2025-09-03,0,0.0,0
HEXA,2025-09-03,5550.0,194300.0,,1.0,,,,,,,0,NI,0.2980921526277897,144917500.0,-7727500.0,10.0,10.0,20.0,0.0,2025-09-03,2025-09-03,0,0.0,0
HGII,2025-09-03,,,,,,,,,,,0,,,,,,,,,2025-09-03,,0,,0
HILL,2025-09-03,208.0,8352600.0,,1.0,,,,,,,1,MG,0.461532088133268,655080000.0,-25004800.0,10.0,7.0,17.0,0.0,2025-09-03,2025-09-03,0,0.0,0
HITS,2025-09-03,,,,,,,,,,,0,,,,,,,,,2025-09-03,,0,,0
HKMU,2025-09-03,,,,,,,,,,,0,,,,,,,,,2025-09-03,,0,,0
HMSP,2025-09-03,535.0,14649400.0,,1.0,,,,,,,0,DX,0.3760859098782763,1891928000.0,272850500.0,10.0,10.0,20.0,0.0,2025-09-03,2025-09-03,0,0.0,0
HOKI,2025-09-03,80.0,36264300.0,,1.0,,,,,,,1,ZP,0.4013134112183349,469704400.0,88522600.0,10.0,10.0,20.0,0.0,2025-09-03,2025-09-03,0,0.0,0
HOME,2025-09-03,,,,,,,,,,,0,,,,,,,,,2025-09-03,,0,,0
HOMI,2025-09-03,210.0,169700.0,,1.0,,,,,,,1,YU,0.7355324547761316,19769200.0,0.0,4.0,10.0,14.0,0.0,2025-09-03,2025-09-03,0,0.0,0
HOPE,2025-09-03,148.0,5217000.0,,1.0,,,,,,,1,OD,0.3631741601036786,269582000.0,44059600.0,8.0,10.0,18.0,0.0,2025-09-03,2025-09-03,0,0.0,0
HOTL,2025-09-03,,,,,,,,,,,0,,,,,,,,,2025-09-03,,0,,0
HRME,2025-09-03,36.0,4536700.0,,1.0,,,,,,,1,HD,0.9379657767837905,100990400.0,199200.0,4.0,10.0,14.0,0.0,2025-09-03,2025-09-03,0,0.0,0
HRTA,2025-09-03,910.0,285079800.0,,1.0,,,,,,,0,KZ,0.4577427571712708,22906986500.0,7370647500.0,10.0,10.0,20.0,0.0,2025-09-03,2025-09-03,0,0.0,0
HRUM,2025-09-03,1075.0,315481000.0,,1.0,,,,,,,0,MG,0.2511222673495609,15996084500.0,7342129000.0,10.0,10.0,20.0,0.0,2025-09-03,2025-09-03,0,0.0,0
HUMI,2025-09-03,166.0,468930800.0,,1.0,,,,,,,1,CC,0.182566771730899,2043990100.0,-1549634100.0,10.0,10.0,20.0,0.0,2025-09-03,2025-09-03,0,0.0,0
HYGN,2025-09-03,157.0,2350900.0,,1.0,,,,,,,1,AO,0.4065681488577709,101091300.0,0.0,9.0,10.0,19.0,0.0,2025-09-03,2025-09-03,0,0.0,0
IATA,2025-09-03,60.0,28319900.0,,1.0,,,,,,,1,KK,0.3164624771813292,242561400.0,1150000.0,9.0,10.0,19.0,0.0,2025-09-03,2025-09-03,0,0.0,0
IBFN,2025-09-03,30.0,340500.0,,1.0,,,,,,,1,DR,0.358904299905064,1550000.0,0.0,8.0,2.0,10.0,0.0,2025-09-03,2025-09-03,0,0.0,0
IBOS,2025-09-03,40.0,19284100.0,,1.0,,,,,,,1,GR,0.3566060236123961,152598600.0,-59383200.0,10.0,10.0,20.0,0.0,2025-09-03,2025-09-03,0,0.0,0
IBST,2025-09-03,6625.0,10500.0,,1.0,,,,,,,0,AG,0.9615384615384616,66250000.0,0.0,4.0,3.0,7.0,0.0,2025-09-03,2025-09-03,0,0.0,0
ICBP,2025-09-03,9300.0,2439300.0,,1.0,,,,,,,0,AK,0.2842255288224524,3702790000.0,672672500.0,10.0,10.0,20.0,0.0,2025-09-03,2025-09-03,0,0.0,0
ICON,2025-09-03,52.0,1915900.0,,1.0,,,,,,,1,YP,0.4645754542973424,30980400.0,0.0,6.0,7.0,13.0,0.0,2025-09-03,2025-09-03,0,0.0,0
IDEA,2025-09-03,93.0,12414800.0,,1.0,,,,,,,1,CC,0.4873654816039122,429094700.0,-13292600.0,10.0,9.0,19.0,0.0,2025-09-03,2025-09-03,0,0.0,0
IDPR,2025-09-03,246.0,872300.0,,1.0,,,,,,,1,MU,0.4576977481378154,46723800.0,-60200.0,10.0,6.0,16.0,0.0,2025-09-03,2025-09-03,0,0.0,0
IFII,2025-09-03,244.0,760600.0,,1.0,,,,,,,1,SQ,0.7845467384407556,76661200.0,0.0,7.0,10.0,17.0,0.0,2025-09-03,2025-09-03,0,0.0,0
IFSH,2025-09-03,785.0,131900.0,,1.0,,,,,,,0,ZP,0.8340307045088262,55114000.0,0.0,6.0,8.0,14.0,0.0,2025-09-03,2025-09-03,0,0.0,0
IGAR,2025-09-03,525.0,36200.0,,1.0,,,,,,,0,CC,0.8678597082981979,13894000.0,0.0,3.0,1.0,4.0,0.0,2025-09-03,2025-09-03,0,0.0,0
IIKP,2025-09-03,,,,,,,,,,,0,,,,,,,,,2025-09-03,,0,,0
IKAI,2025-09-03,20.0,5131300.0,,1.0,,,,,,,1,AO,0.4314249967643125,40000000.0,70000.0,9.0,10.0,19.0,0.0,2025-09-03,2025-09-03,0,0.0,0
IKAN,2025-09-03,136.0,21363000.0,,1.0,,,,,,,1,XL,0.4974612354857691,612498400.0,32533500.0,10.0,10.0,20.0,0.0,2025-09-03,2025-09-03,0,0.0,0
IKBI,2025-09-03,550.0,616400.0,,1.0,,,,,,,0,XL,0.3378512705967653,43335000.0,-2917500.0,10.0,6.0,16.0,0.0,2025-09-03,2025-09-03,0,0.0,0
IKPM,2025-09-03,226.0,1099900.0,,1.0,,,,,,,1,CC,0.383697926180719,44530600.0,178800.0,10.0,10.0,20.0,0.0,2025-09-03,2025-09-03,0,0.0,0
IMAS,2025-09-03,1170.0,968200.0,,1.0,,,,,,,0,YP,0.8634229948918428,538017000.0,12071000.0,10.0,10.0,20.0,0.0,2025-09-03,2025-09-03,0,0.0,0
IMJS,2025-09-03,250.0,12924400.0,,1.0,,,,,,,1,NI,0.3418201798155607,443567400.0,26079200.0,10.0,10.0,20.0,0.0,2025-09-03,2025-09-03,0,0.0,0
IMPC,2025-09-03,1440.0,62932100.0,,1.0,,,,,,,0,TP,0.3446290372995598,21116160000.0,1168704000.0,10.0,10.0,20.0,0.0,2025-09-03,2025-09-03,0,0.0,0
INAF,2025-09-03,,,,,,,,,,,0,,,,,,,,,2025-09-03,,0,,0
INAI,2025-09-03,157.0,103600.0,,1.0,,,,,,,1,KK,0.2685218705239797,1706000.0,-400.0,10.0,3.0,13.0,0.0,2025-09-03,2025-09-03,0,0.0,0
INCF,2025-09-03,40.0,1868100.0,,1.0,,,,,,,1,YU,0.533585740737953,21266700.0,0.0,5.0,10.0,15.0,0.0,2025-09-03,2025-09-03,0,0.0,0
INCI,2025-09-03,610.0,21900.0,,1.0,,,,,,,0,XL,0.7522616562282533,8107500.0,0.0,5.0,3.0,8.0,0.0,2025-09-03,2025-09-03,0,0.0,0
INCO,2025-09-03,3940.0,22284900.0,,1.0,,,,,,,0,BB,0.3367479667207489,14718403000.0,10820823000.0,10.0,10.0,20.0,0.0,2025-09-03,2025-09-03,0,0.0,0
INDF,2025-09-03,7700.0,9930600.0,,1.0,,,,,,,0,YU,0.3711298237991874,14914790000.0,2222710000.0,10.0,10.0,20.0,0.0,2025-09-03,2025-09-03,0,0.0,0
INDO,2025-09-03,222.0,4430300.0,,1.0,,,,,,,1,AG,0.2059451009796004,99100000.0,-14811400.0,10.0,10.0,20.0,0.0,2025-09-03,2025-09-03,0,0.0,0
INDR,2025-09-03,2610.0,87800.0,,1.0,,,,,,,0,YP,0.6218930033262718,129753000.0,-259000.0,10.0,5.0,15.0,0.0,2025-09-03,2025-09-03,0,0.0,0
INDS,2025-09-03,226.0,100200.0,,1.0,,,,,,,1,XL,0.5477229705417624,7002200.0,0.0,9.0,6.0,15.0,0.0,2025-09-03,2025-09-03,0,0.0,0
INDX,2025-09-03,90.0,4022400.0,,1.0,,,,,,,1,CP,0.194670146593097,48825200.0,-7852600.0,10.0,9.0,19.0,0.0,2025-09-03,2025-09-03,0,0.0,0
INDY,2025-09-03,1660.0,159406600.0,,1.0,,,,,,,0,ZP,0.1960251990743689,11028969500.0,10631938000.0,10.0,10.0,20.0,0.0,2025-09-03,2025-09-03,0,0.0,0
INET,2025-09-03,226.0,57446300.0,,1.0,,,,,,,1,GR,0.1836188180525183,803080000.0,-359104200.0,10.0,10.0,20.0,0.0,2025-09-03,2025-09-03,0,0.0,0
INKP,2025-09-03,8000.0,4513900.0,,1.0,,,,,,,0,DR,0.2814396993380017,3100627500.0,718057500.0,10.0,10.0,20.0,0.0,2025-09-03,2025-09-03,0,0.0,0
INOV,2025-09-03,100.0,1393100.0,,1.0,,,,,,,1,SQ,0.2867513898977344,14488200.0,-232500.0,10.0,9.0,19.0,0.0,2025-09-03,2025-09-03,0,0.0,0
INPC,2025-09-03,173.0,51072700.0,,1.0,,,,,,,1,XL,0.3126924518582629,530481400.0,-376410700.0,10.0,10.0,20.0,0.0,2025-09-03,2025-09-03,0,0.0,0
INPP,2025-09-03,780.0,49600.0,,1.0,,,,,,,0,IF,0.8204219479653102,29515500.0,0.0,4.0,6.0,10.0,0.0,2025-09-03,2025-09-03,0,0.0,0
INPS,2025-09-03,111.0,19300.0,,1.0,,,,,,,1,DR,0.6119530214055693,1292200.0,0.0,4.0,3.0,7.0,0.0,2025-09-03,2025-09-03,0,0.0,0
INRU,2025-09-03,880.0,678700.0,,1.0,,,,,,,0,XL,0.4862290383058318,56149000.0,2457000.0,10.0,10.0,20.0,0.0,2025-09-03,2025-09-03,0,0.0,0
INTA,2025-09-03,21.0,7411400.0,,1.0,,,,,,,1,NI,0.6069333550594753,62575800.0,-105000.0,10.0,7.0,17.0,0.0,2025-09-03,2025-09-03,0,0.0,0
INTD,2025-09-03,193.0,2610500.0,,1.0,,,,,,,1,MG,0.2711013854933788,28853700.0,1922300.0,10.0,10.0,20.0,0.0,2025-09-03,2025-09-03,0,0.0,0
INTP,2025-09-03,7000.0,2297800.0,,1.0,,,,,,,0,KZ,0.3948794746917127,3530030000.0,1183570000.0,10.0,10.0,20.0,0.0,2025-09-03,2025-09-03,0,0.0,0
IOTF,2025-09-03,102.0,46507300.0,,1.0,,,,,,,1,CC,0.3788351206491041,510291400.0,-23398200.0,10.0,10.0,20.0,0.0,2025-09-03,2025-09-03,0,0.0,0
IPAC,2025-09-03,150.0,57100.0,,1.0,,,,,,,1,XL,0.9211593931008606,3928100.0,0.0,3.0,7.0,10.0,0.0,2025-09-03,2025-09-03,0,0.0,0
IPCC,2025-09-03,1095.0,1888000.0,,1.0,,,,,,,0,BB,0.3082271925203242,328218500.0,-64500.0,10.0,10.0,20.0,0.0,2025-09-03,2025-09-03,0,0.0,0
IPCM,2025-09-03,292.0,684000.0,,1.0,,,,,,,1,XL,0.5407730413922677,66545800.0,-175000.0,10.0,9.0,19.0,0.0,2025-09-03,2025-09-03,0,0.0,0
IPOL,2025-09-03,138.0,109200.0,,1.0,,,,,,,1,XL,0.5046268695404236,5840400.0,0.0,8.0,5.0,13.0,0.0,2025-09-03,2025-09-03,0,0.0,0
IPPE,2025-09-03,,,,,,,,,,,0,,,,,,,,,2025-09-03,,0,,0
IPTV,2025-09-03,44.0,12154400.0,,1.0,,,,,,,1,EP,0.417089431978963,142560000.0,467900.0,10.0,10.0,20.0,0.0,2025-09-03,2025-09-03,0,0.0,0
IRRA,2025-09-03,426.0,1160600.0,,1.0,,,,,,,1,CC,0.2162856495075897,86429000.0,-26583600.0,10.0,10.0,20.0,0.0,2025-09-03,2025-09-03,0,0.0,0
IRSX,2025-09-03,,,,,,,,,,,0,,,,,,,,,2025-09-03,,0,,0
ISAP,2025-09-03,33.0,30082700.0,,1.0,,,,,,,1,MG,0.6741516629831276,660326700.0,5916900.0,6.0,10.0,16.0,0.0,2025-09-03,2025-09-03,0,0.0,0
ISAT,2025-09-03,1950.0,32751200.0,,1.0,,,,,,,0,CC,0.7455385176756338,27427621000.0,-978792500.0,10.0,10.0,20.0,0.0,2025-09-03,2025-09-03,0,0.0,0
ISEA,2025-09-03,86.0,5673100.0,,1.0,,,,,,,1,CP,0.4104273814202653,72891000.0,3632200.0,10.0,10.0,20.0,0.0,2025-09-03,2025-09-03,0,0.0,0
ISSP,2025-09-03,420.0,4048400.0,,1.0,,,,,,,1,KK,0.4101225595558486,473777600.0,-46159400.0,10.0,10.0,20.0,0.0,2025-09-03,2025-09-03,0,0.0,0
ITIC,2025-09-03,222.0,192000.0,,1.0,,,,,,,1,CC,0.4291307548144938,16440600.0,0.0,8.0,7.0,15.0,0.0,2025-09-03,2025-09-03,0,0.0,0
ITMA,2025-09-03,1075.0,72527100.0,,1.0,,,,,,,0,KI,0.5318943707246415,9945007500.0,119172000.0,10.0,10.0,20.0,0.0,2025-09-03,2025-09-03,0,0.0,0
ITMG,2025-09-03,22275.0,1490800.0,,1.0,,,,,,,0,YP,0.2557929140985776,3838192500.0,-3677635000.0,10.0,10.0,20.0,0.0,2025-09-03,2025-09-03,0,0.0,0
JARR,2025-09-03,1665.0,53664100.0,,1.0,,,,,,,0,,,,,,,,,2025-08-28,,6,,1
JAST,2025-09-03,104.0,8364400.0,,1.0,,,,,,,1,DR,0.3690113576944833,113903400.0,1558400.0,10.0,10.0,20.0,0.0,2025-09-03,2025-09-03,0,0.0,0
JATI,2025-09-03,138.0,3221700.0,,1.0,,,,,,,1,XL,0.4528693527781863,60653200.0,-541000.0,10.0,10.0,20.0,0.0,2025-09-03,2025-09-03,0,0.0,0
JAWA,2025-09-03,153.0,2263500.0,,1.0,,,,,,,1,DR,0.343464707941723,30609300.0,1400600.0,9.0,10.0,19.0,0.0,2025-09-03,2025-09-03,0,0.0,0
JAYA,2025-09-03,95.0,1191500.0,,1.0,,,,,,,1,EP,0.4063095663248841,18886000.0,-211600.0,10.0,6.0,16.0,0.0,2025-09-03,2025-09-03,0,0.0,0
JECC,2025-09-03,1155.0,1027200.0,,1.0,,,,,,,0,XC,0.4200552434433223,82956500.0,-4190000.0,10.0,5.0,15.0,0.0,2025-09-03,2025-09-03,0,0.0,0
JGLE,2025-09-03,17.0,170049700.0,,1.0,,,,,,,1,XL,0.3702077652129923,675977500.0,-178520500.0,10.0,8.0,18.0,0.0,2025-09-03,2025-09-03,0,0.0,0
JIHD,2025-09-03,715.0,2328400.0,,1.0,,,,,,,0,XL,0.449030923036151,229583000.0,-9315500.0,10.0,10.0,20.0,0.0,2025-09-03,2025-09-03,0,0.0,0
JKON,2025-09-03,100.0,248708700.0,,1.0,,,,,,,1,DX,0.2720040809486519,774231600.0,-150366200.0,10.0,10.0,20.0,0.0,2025-09-03,2025-09-03,0,0.0,0
JMAS,2025-09-03,152.0,1121100.0,,1.0,,,,,,,1,MU,0.3118803966236794,32186400.0,59700.0,7.0,10.0,17.0,0.0,2025-09-03,2025-09-03,0,0.0,0
JPFA,2025-09-03,1680.0,33707400.0,,1.0,,,,,,,0,YJ,0.2764139134605676,6011745000.0,-4006725500.0,10.0,10.0,20.0,0.0,2025-09-03,2025-09-03,0,0.0,0
JRPT,2025-09-03,805.0,374900.0,,1.0,,,,,,,0,CP,0.4567298028190154,85205000.0,0.0,5.0,10.0,15.0,0.0,2025-09-03,2025-09-03,0,0.0,0
JSKY,2025-09-03,,,,,,,,,,,0,,,,,,,,,2025-09-03,,0,,0
JSMR,2025-09-03,3410.0,5102500.0,,1.0,,,,,,,0,RX,0.3905242691648355,3056034000.0,1074458000.0,10.0,10.0,20.0,0.0,2025-09-03,2025-09-03,0,0.0,0
JSPT,2025-09-03,4010.0,11700.0,,1.0,,,,,,,0,XL,0.525183965592554,15630000.0,0.0,7.0,4.0,11.0,0.0,2025-09-03,2025-09-03,0,0.0,0
JTPE,2025-09-03,326.0,4879300.0,,1.0,,,,,,,1,EP,0.3451799156339713,55742000.0,-11181600.0,10.0,10.0,20.0,0.0,2025-09-03,2025-09-03,0,0.0,0
KAEF,2025-09-03,510.0,1268800.0,,1.0,,,,,,,0,XL,0.246649761951044,85014500.0,-7175000.0,10.0,8.0,18.0,0.0,2025-09-03,2025-09-03,0,0.0,0
KAQI,2025-09-03,,,,,,,,,,,0,,,,,,,,,2025-09-03,,0,,0
KARW,2025-09-03,640.0,857400.0,,1.0,,,,,,,0,XL,0.4844665471665109,128785500.0,-19774000.0,10.0,5.0,15.0,0.0,2025-09-03,2025-09-03,0,0.0,0
KAYU,2025-09-03,,,,,,,,,,,0,,,,,,,,,2025-09-03,,0,,0
KBAG,2025-09-03,43.0,7707500.0,,1.0,,,,,,,1,MG,0.5237685948144679,91590000.0,791300.0,10.0,10.0,20.0,0.0,2025-09-03,2025-09-03,0,0.0,0
KBLI,2025-09-03,378.0,22400.0,,1.0,,,,,,,1,XC,0.6561482594540445,1572000.0,0.0,7.0,3.0,10.0,0.0,2025-09-03,2025-09-03,0,0.0,0
KBLM,2025-09-03,392.0,460400.0,,1.0,,,,,,,1,XL,0.5802881017710152,44666400.0,58800.0,8.0,10.0,18.0,0.0,2025-09-03,2025-09-03,0,0.0,0
KBLV,2025-09-03,242.0,407594200.0,,1.0,,,,,,,1,KK,0.2933192399910911,4226458400.0,-1014762000.0,10.0,10.0,20.0,0.0,2025-09-03,2025-09-03,0,0.0,0
KBRI,2025-09-03,,,,,,,,,,,0,,,,,,,,,2025-09-03,,0,,0
KDSI,2025-09-03,470.0,6500.0,,1.0,,,,,,,1,YP,0.4748035469684954,1317200.0,0.0,4.0,3.0,7.0,0.0,2025-09-03,2025-09-03,0,0.0,0
KDTN,2025-09-03,119.0,34700.0,,1.0,,,,,,,1,XL,0.5182894457421958,1952500.0,0.0,6.0,3.0,9.0,0.0,2025-09-03,2025-09-03,0,0.0,0
KEEN,2025-09-03,840.0,4906000.0,,1.0,,,,,,,0,CC,0.3101641759235397,695648000.0,-22160500.0,10.0,10.0,20.0,0.0,2025-09-03,2025-09-03,0,0.0,0
KEJU,2025-09-03,615.0,831600.0,,1.0,,,,,,,0,KK,0.3644426751323751,108025000.0,-670500.0,10.0,10.0,20.0,0.0,2025-09-03,2025-09-03,0,0.0,0
KETR,2025-09-03,570.0,20773100.0,,1.0,,,,,,,0,PD,0.2383343542827696,569797500.0,-252057000.0,10.0,10.0,20.0,0.0,2025-09-03,2025-09-03,0,0.0,0
KIAS,2025-09-03,,,,,,,,,,,0,,,,,,,,,2025-09-03,,0,,0
KICI,2025-09-03,139.0,4864100.0,,1.0,,,,,,,1,DH,0.7499956844550234,195513000.0,18317900.0,10.0,10.0,20.0,0.0,2025-09-03,2025-09-03,0,0.0,0
KIJA,2025-09-03,206.0,191959800.0,,1.0,,,,,,,1,KI,0.322603237546567,6565710000.0,-600165200.0,10.0,10.0,20.0,0.0,2025-09-03,2025-09-03,0,0.0,0
KING,2025-09-03,204.0,1328500.0,,1.0,,,,,,,1,IU,0.2803323421240963,58600000.0,4612200.0,10.0,10.0,20.0,0.0,2025-09-03,2025-09-03,0,0.0,0
KINO,2025-09-03,1230.0,340200.0,,1.0,,,,,,,0,LG,0.2683325796187426,65862500.0,4013500.0,8.0,10.0,18.0,0.0,2025-09-03,2025-09-03,0,0.0,0
KIOS,2025-09-03,82.0,15762500.0,,1.0,,,,,,,1,GR,0.6881207088240285,390048700.0,-2488200.0,10.0,10.0,20.0,0.0,2025-09-03,2025-09-03,0,0.0,0
KJEN,2025-09-03,130.0,1693200.0,,1.0,,,,,,,1,MG,0.2356598079831818,19101500.0,-5906800.0,10.0,6.0,16.0,0.0,2025-09-03,2025-09-03,0,0.0,0
KKES,2025-09-03,40.0,1062100.0,,1.0,,,,,,,1,XL,0.4352990450661752,10393200.0,10000.0,5.0,10.0,15.0,0.0,2025-09-03,2025-09-03,0,0.0,0
KKGI,2025-09-03,334.0,2195600.0,,1.0,,,,,,,1,YP,0.1801143889876751,63065000.0,-6377000.0,10.0,10.0,20.0,0.0,2025-09-03,2025-09-03,0,0.0,0
KLAS,2025-09-03,136.0,5826300.0,,1.0,,,,,,,1,AZ,0.2176727641266655,54768100.0,-1088700.0,10.0,10.0,20.0,0.0,2025-09-03,2025-09-03,0,0.0,0
KLBF,2025-09-03,1180.0,161024600.0,,1.0,,,,,,,0,CC,0.2736710363231499,21844058000.0,-28356031000.0,10.0,10.0,20.0,0.0,2025-09-03,2025-09-03,0,0.0,0
KLIN,2025-09-03,191.0,2239000.0,,1.0,,,,,,,1,YP,0.4526677606681316,104960300.0,-4270500.0,10.0,8.0,18.0,0.0,2025-09-03,2025-09-03,0,0.0,0
KMDS,2025-09-03,640.0,48200.0,,1.0,,,,,,,0,CC,0.5738791022546351,11174000.0,0.0,7.0,5.0,12.0,0.0,2025-09-03,2025-09-03,0,0.0,0
KMTR,2025-09-03,318.0,2210000.0,,1.0,,,,,,,1,XL,0.73958865869524,226259400.0,3996400.0,9.0,10.0,19.0,0.0,2025-09-03,2025-09-03,0,0.0,0
KOBX,2025-09-03,143.0,139300.0,,1.0,,,,,,,1,PD,0.3838100855204954,5986900.0,0.0,7.0,4.0,11.0,0.0,2025-09-03,2025-09-03,0,0.0,0
KOCI,2025-09-03,65.0,34653500.0,,1.0,,,,,,,1,YU,0.1761549077526512,58204400.0,-24387100.0,10.0,10.0,20.0,0.0,2025-09-03,2025-09-03,0,0.0,0
KOIN,2025-09-03,70.0,2165600.0,,1.0,,,,,,,1,KK,0.8987222894990485,109095000.0,0.0,9.0,5.0,14.0,0.0,2025-09-03,2025-09-03,0,0.0,0
KOKA,2025-09-03,98.0,10315400.0,,1.0,,,,,,,1,XL,0.4376931642303839,172365100.0,-933000.0,10.0,10.0,20.0,0.0,2025-09-03,2025-09-03,0,0.0,0
KONI,2025-09-03,2090.0,146000.0,,1.0,,,,,,,0,CP,0.4479279399277401,26903000.0,0.0,10.0,5.0,15.0,0.0,2025-09-03,2025-09-03,0,0.0,0
KOPI,2025-09-03,338.0,249800.0,,1.0,,,,,,,1,AZ,0.301278374170286,10294200.0,-67800.0,10.0,6.0,16.0,0.0,2025-09-03,2025-09-03,0,0.0,0
KOTA,2025-09-03,28.0,11946000.0,,1.0,,,,,,,1,GR,0.3262156580511922,72976400.0,5614000.0,9.0,10.0,19.0,0.0,2025-09-03,2025-09-03,0,0.0,0
KPIG,2025-09-03,179.0,49073400.0,,1.0,,,,,,,1,EP,0.3829376169836415,1458967200.0,-249080100.0,10.0,10.0,20.0,0.0,2025-09-03,2025-09-03,0,0.0,0
KRAS,2025-09-03,308.0,54729400.0,,1.0,,,,,,,1,ZP,0.2752341679426578,1524979000.0,188387800.0,10.0,10.0,20.0,0.0,2025-09-03,2025-09-03,0,0.0,0
KREN,2025-09-03,16.0,47678700.0,,1.0,,,,,,,1,PD,0.3407789793022459,133718400.0,-2350400.0,10.0,8.0,18.0,0.0,2025-09-03,2025-09-03,0,0.0,0
KRYA,2025-09-03,208.0,7747600.0,,1.0,,,,,,,1,XC,0.2787264702890394,102474400.0,-26782400.0,10.0,10.0,20.0,0.0,2025-09-03,2025-09-03,0,0.0,0
KSIX,2025-09-03,,,,,,,,,,,0,,,,,,,,,2025-09-03,,0,,0
KUAS,2025-09-03,71.0,30667200.0,,1.0,,,,,,,1,SS,0.3847196481194227,184352000.0,24339500.0,10.0,10.0,20.0,0.0,2025-09-03,2025-09-03,0,0.0,0
LABA,2025-09-03,,,,,,,,,,,0,,,,,,,,,2025-09-03,,0,,0
LABS,2025-09-03,144.0,747200.0,,1.0,,,,,,,1,YP,0.5066549308339181,34076800.0,0.0,5.0,8.0,13.0,0.0,2025-09-03,2025-09-03,0,0.0,0
LAJU,2025-09-03,66.0,46255400.0,,1.0,,,,,,,1,GR,0.3587375702618647,365754800.0,-83407300.0,10.0,10.0,20.0,0.0,2025-09-03,2025-09-03,0,0.0,0
LAND,2025-09-03,42.0,23966800.0,,1.0,,,,,,,1,YP,0.6465045491164525,402530800.0,-1320700.0,10.0,10.0,20.0,0.0,2025-09-03,2025-09-03,0,0.0,0
LAPD,2025-09-03,118.0,7401600.0,,1.0,,,,,,,1,,,,,,,,,2025-09-01,,2,,1
LCGP,2025-09-03,,,,,,,,,,,0,,,,,,,,,2025-09-03,,0,,0
LCKM,2025-09-03,216.0,289000.0,,1.0,,,,,,,1,XL,0.2307662995846511,6056000.0,0.0,10.0,4.0,14.0,0.0,2025-09-03,2025-09-03,0,0.0,0
LEAD,2025-09-03,79.0,14836100.0,,1.0,,,,,,,1,XC,0.2589768997763404,82744000.0,-19437400.0,10.0,10.0,20.0,0.0,2025-09-03,2025-09-03,0,0.0,0
LFLO,2025-09-03,242.0,10100.0,,1.0,,,,,,,1,PC,0.3831439393939393,404600.0,0.0,6.0,1.0,7.0,0.0,2025-09-03,2025-09-03,0,0.0,0
LIFE,2025-09-03,,,,,,,,,,,0,,,,,,,,,2025-09-03,,0,,0
LINK,2025-09-03,3480.0,135100.0,,1.0,,,,,,,0,XL,0.5822770380544334,209427000.0,0.0,8.0,5.0,13.0,0.0,2025-09-03,2025-09-03,0,0.0,0
LION,2025-09-03,362.0,48100.0,,1.0,,,,,,,1,PD,1.0,10059200.0,0.0,1.0,8.0,9.0,0.0,2025-09-03,2025-09-03,0,0.0,0
LIVE,2025-09-03,166.0,19395200.0,,1.0,,,,,,,1,AZ,0.871565936678254,2726838800.0,1172700.0,10.0,10.0,20.0,0.0,2025-09-03,2025-09-03,0,0.0,0
LMAS,2025-09-03,,,,,,,,,,,0,,,,,,,,,2025-09-03,,0,,0
LMAX,2025-09-03,81.0,1525400.0,,1.0,,,,,,,1,PD,0.332933501910906,9242800.0,-206300.0,10.0,10.0,20.0,0.0,2025-09-03,2025-09-03,0,0.0,0
LMPI,2025-09-03,143.0,734100.0,,1.0,,,,,,,1,YP,0.7578268994120596,41568700.0,293100.0,7.0,10.0,17.0,0.0,2025-09-03,2025-09-03,0,0.0,0
LMSH,2025-09-03,,,,,,,,,,,0,,,,,,,,,2025-09-03,,0,,0
LOPI,2025-09-03,59.0,7272200.0,,1.0,,,,,,,1,YU,0.393576568032424,48097300.0,1178500.0,9.0,10.0,19.0,0.0,2025-09-03,2025-09-03,0,0.0,0
LPCK,2025-09-03,645.0,1924200.0,,1.0,,,,,,,0,PD,0.3226351586103769,174117000.0,-2412500.0,10.0,10.0,20.0,0.0,2025-09-03,2025-09-03,0,0.0,0
LPGI,2025-09-03,442.0,15800.0,,1.0,,,,,,,1,AG,0.3886281948881789,1557000.0,0.0,7.0,2.0,9.0,0.0,2025-09-03,2025-09-03,0,0.0,0
LPIN,2025-09-03,422.0,167400.0,,1.0,,,,,,,1,NI,0.4545104388358642,13924200.0,0.0,7.0,6.0,13.0,0.0,2025-09-03,2025-09-03,0,0.0,0
LPKR,2025-09-03,102.0,127998000.0,,1.0,,,,,,,1,YP,0.1803225853238504,831745300.0,-95615200.0,10.0,10.0,20.0,0.0,2025-09-03,2025-09-03,0,0.0,0
LPLI,2025-09-03,322.0,378300.0,,1.0,,,,,,,1,LG,0.7002614322415506,74303200.0,-64000.0,10.0,10.0,20.0,0.0,2025-09-03,2025-09-03,0,0.0,0
LPPF,2025-09-03,1605.0,1866600.0,,1.0,,,,,,,0,LG,0.2797654697355695,429984000.0,-45152500.0,10.0,7.0,17.0,0.0,2025-09-03,2025-09-03,0,0.0,0
LPPS,2025-09-03,85.0,4869800.0,,1.0,,,,,,,1,XL,0.5756209407216065,86261000.0,8722900.0,10.0,10.0,20.0,0.0,2025-09-03,2025-09-03,0,0.0,0
LRNA,2025-09-03,178.0,860200.0,,1.0,,,,,,,1,PD,0.4698184247282443,3094600.0,0.0,6.0,8.0,14.0,0.0,2025-09-03,2025-09-03,0,0.0,0
LSIP,2025-09-03,1370.0,7387200.0,,1.0,,,,,,,0,KZ,0.4242026296998117,2576446000.0,207479500.0,10.0,10.0,20.0,0.0,2025-09-03,2025-09-03,0,0.0,0
LTLS,2025-09-03,850.0,78000.0,,1.0,,,,,,,0,CC,0.6928573839092873,41061500.0,0.0,8.0,4.0,12.0,0.0,2025-09-03,2025-09-03,0,0.0,0
LUCK,2025-09-03,83.0,2013400.0,,1.0,,,,,,,1,YP,0.3899528849624593,36839200.0,10000.0,8.0,10.0,18.0,0.0,2025-09-03,2025-09-03,0,0.0,0
LUCY,2025-09-03,96.0,2447300.0,,1.0,,,,,,,1,CC,0.2057239143636721,12025900.0,-3065200.0,10.0,10.0,20.0,0.0,2025-09-03,2025-09-03,0,0.0,0
MABA,2025-09-03,,,,,,,,,,,0,,,,,,,,,2025-09-03,,0,,0
MAGP,2025-09-03,,,,,,,,,,,0,,,,,,,,,2025-09-03,,0,,0
MAHA,2025-09-03,137.0,2914900.0,,1.0,,,,,,,1,PD,0.3711096257025571,87276300.0,1565000.0,10.0,10.0,20.0,0.0,2025-09-03,2025-09-03,0,0.0,0
MAIN,2025-09-03,670.0,4404100.0,,1.0,,,,,,,0,AZ,0.4277674341373109,908100000.0,50695000.0,10.0,10.0,20.0,0.0,2025-09-03,2025-09-03,0,0.0,0
MANG,2025-09-03,47.0,23190500.0,,1.0,,,,,,,1,MG,0.2476252245470457,78421200.0,3373400.0,10.0,10.0,20.0,0.0,2025-09-03,2025-09-03,0,0.0,0
MAPA,2025-09-03,610.0,57059600.0,,1.0,,,,,,,0,YP,0.7428373063812946,15561269000.0,-237646000.0,10.0,10.0,20.0,0.0,2025-09-03,2025-09-03,0,0.0,0
MAPB,2025-09-03,1720.0,2700.0,,1.0,,,,,,,0,OD,0.504424778761062,1026000.0,0.0,4.0,2.0,6.0,0.0,2025-09-03,2025-09-03,0,0.0,0
MAPI,2025-09-03,1180.0,14389100.0,,1.0,,,,,,,0,KZ,0.4507987932350825,4745180000.0,-595714500.0,10.0,10.0,20.0,0.0,2025-09-03,2025-09-03,0,0.0,0
MARI,2025-09-03,33.0,5285300.0,,1.0,,,,,,,1,LG,0.6949387496143333,63968000.0,422700.0,9.0,10.0,19.0,0.0,2025-09-03,2025-09-03,0,0.0,0
MARK,2025-09-03,640.0,2558200.0,,1.0,,,,,,,0,DR,0.2290233464091849,236102000.0,-22418000.0,10.0,10.0,20.0,0.0,2025-09-03,2025-09-03,0,0.0,0
MASA,2025-09-03,,,,,,,,,,,0,,,,,,,,,2025-09-03,,0,,0
MASB,2025-09-03,3350.0,1000.0,,1.0,,,,,,,0,,,,,,,,,2025-09-02,,1,,1
MAXI,2025-09-03,60.0,603885300.0,,1.0,,,,,,,1,XL,0.3451392881012926,1304570700.0,118023200.0,10.0,10.0,20.0,0.0,2025-09-03,2025-09-03,0,0.0,0
MAYA,2025-09-03,226.0,8306700.0,,1.0,,,,,,,1,NI,0.2278173734326018,259979400.0,15724200.0,10.0,10.0,20.0,0.0,2025-09-03,2025-09-03,0,0.0,0
MBAP,2025-09-03,1630.0,192300.0,,1.0,,,,,,,0,AZ,0.8802495195488484,209550000.0,0.0,10.0,6.0,16.0,0.0,2025-09-03,2025-09-03,0,0.0,0
MBMA,2025-09-03,438.0,428045000.0,,1.0,,,,,,,1,XL,0.2840393703492947,8134203600.0,1521937600.0,10.0,10.0,20.0,0.0,2025-09-03,2025-09-03,0,0.0,0
MBSS,2025-09-03,1595.0,3570100.0,,1.0,,,,,,,0,KK,0.3113483806500911,529697000.0,151571000.0,10.0,10.0,20.0,0.0,2025-09-03,2025-09-03,0,0.0,0
MBTO,2025-09-03,126.0,1374800.0,,1.0,,,,,,,1,BQ,0.2709458100755653,28430100.0,2048700.0,10.0,10.0,20.0,0.0,2025-09-03,2025-09-03,0,0.0,0
MCAS,2025-09-03,840.0,212000.0,,1.0,,,,,,,0,NI,0.2702134295395924,32056500.0,-3762500.0,10.0,7.0,17.0,0.0,2025-09-03,2025-09-03,0,0.0,0
MCOL,2025-09-03,3800.0,35800.0,,1.0,,,,,,,0,XL,0.3344139362147431,37549000.0,-760000.0,10.0,5.0,15.0,0.0,2025-09-03,2025-09-03,0,0.0,0
MCOR,2025-09-03,77.0,8098000.0,,1.0,,,,,,,1,SQ,0.6240138741984715,195810000.0,-659100.0,10.0,10.0,20.0,0.0,2025-09-03,2025-09-03,0,0.0,0
MDIA,2025-09-03,34.0,6268500.0,,1.0,,,,,,,1,XL,0.7202939613954312,55318000.0,0.0,8.0,4.0,12.0,0.0,2025-09-03,2025-09-03,0,0.0,0
MDIY,2025-09-03,1080.0,3041800.0,,1.0,,,,,,,0,YU,0.8708794205554464,2554784000.0,-2515000.0,10.0,7.0,17.0,0.0,2025-09-03,2025-09-03,0,0.0,0
MDKA,2025-09-03,2550.0,79180600.0,,1.0,,,,,,,0,CP,0.2030744816780071,7202070000.0,-11371314000.0,10.0,10.0,20.0,0.0,2025-09-03,2025-09-03,0,0.0,0
MDKI,2025-09-03,159.0,2751500.0,,1.0,,,,,,,1,XA,0.3743134424818237,119658500.0,-16391900.0,10.0,4.0,14.0,0.0,2025-09-03,2025-09-03,0,0.0,0
MDLA,2025-09-03,,,,,,,,,,,0,,,,,,,,,2025-09-03,,0,,0
MDLN,2025-09-03,70.0,32482700.0,,1.0,,,,,,,1,DR,0.3005296658109548,135471200.0,5175700.0,10.0,10.0,20.0,0.0,2025-09-03,2025-09-03,0,0.0,0
MDRN,2025-09-03,30.0,6771900.0,,1.0,,,,,,,1,OD,0.490632164220401,55857000.0,1260000.0,6.0,10.0,16.0,0.0,2025-09-03,2025-09-03,0,0.0,0
MEDC,2025-09-03,1250.0,34187200.0,,1.0,,,,,,,0,ZP,0.4720264775014451,7691620000.0,3201028500.0,10.0,10.0,20.0,0.0,2025-09-03,2025-09-03,0,0.0,0
MEDS,2025-09-03,75.0,345546300.0,,1.0,,,,,,,1,MG,0.3673484563033219,1373378600.0,222016900.0,10.0,10.0,20.0,0.0,2025-09-03,2025-09-03,0,0.0,0
MEGA,2025-09-03,3230.0,4000.0,,1.0,,,,,,,0,CC,0.296593514575827,3622000.0,0.0,7.0,4.0,11.0,0.0,2025-09-03,2025-09-03,0,0.0,0
MEJA,2025-09-03,99.0,12887300.0,,1.0,,,,,,,1,HP,0.3087710589184325,197049600.0,762300.0,10.0,10.0,20.0,0.0,2025-09-03,2025-09-03,0,0.0,0
MENN,2025-09-03,57.0,132536800.0,,1.0,,,,,,,1,YP,0.2798535027974849,638009400.0,-124883700.0,10.0,10.0,20.0,0.0,2025-09-03,2025-09-03,0,0.0,0
MERI,2025-09-03,,,,,,,,,,,0,,,,,,,,,2025-09-03,,0,,0
MERK,2025-09-03,2790.0,12600.0,,1.0,,,,,,,0,CC,0.6134800550206327,16056000.0,0.0,7.0,3.0,10.0,0.0,2025-09-03,2025-09-03,0,0.0,0
META,2025-09-03,,,,,,,,,,,0,,,,,,,,,2025-09-03,,0,,0
MFIN,2025-09-03,1195.0,484000.0,,1.0,,,,,,,0,XL,0.3980633256584856,60942500.0,-1883000.0,10.0,10.0,20.0,0.0,2025-09-03,2025-09-03,0,0.0,0
MFMI,2025-09-03,,,,,,,,,,,0,,,,,,,,,2025-09-03,,0,,0
MGLV,2025-09-03,,,,,,,,,,,0,,,,,,,,,2025-09-03,,0,,0
MGNA,2025-09-03,39.0,538000.0,,1.0,,,,,,,1,XC,0.6413274336283186,3623500.0,0.0,6.0,2.0,8.0,0.0,2025-09-03,2025-09-03,0,0.0,0
MGRO,2025-09-03,715.0,5127600.0,,1.0,,,,,,,0,ZP,0.313526267328252,245165000.0,-12326500.0,10.0,10.0,20.0,0.0,2025-09-03,2025-09-03,0,0.0,0
MHKI,2025-09-03,150.0,24241800.0,,1.0,,,,,,,1,PD,0.27894620346044,297670300.0,-129447700.0,10.0,10.0,20.0,0.0,2025-09-03,2025-09-03,0,0.0,0
MICE,2025-09-03,500.0,76600.0,,1.0,,,,,,,0,YP,0.3410661479005095,6539500.0,0.0,7.0,6.0,13.0,0.0,2025-09-03,2025-09-03,0,0.0,0
MIDI,2025-09-03,450.0,4042400.0,,1.0,,,,,,,1,CC,0.4031049978636911,469466400.0,23487600.0,10.0,10.0,20.0,0.0,2025-09-03,2025-09-03,0,0.0,0
MIKA,2025-09-03,2390.0,12058300.0,,1.0,,,,,,,0,AK,0.3078621420404254,4374512000.0,1323829000.0,10.0,10.0,20.0,0.0,2025-09-03,2025-09-03,0,0.0,0
MINA,2025-09-03,184.0,217810800.0,,1.0,,,,,,,1,XL,0.6711215351847611,5359348600.0,788517300.0,10.0,10.0,20.0,0.0,2025-09-03,2025-09-03,0,0.0,0
MINE,2025-09-03,,,,,,,,,,,0,,,,,,,,,2025-09-03,,0,,0
MIRA,2025-09-03,74.0,33154900.0,,1.0,,,,,,,1,XL,0.3956425116508249,505537600.0,-29770400.0,10.0,10.0,20.0,0.0,2025-09-03,2025-09-03,0,0.0,0
MITI,2025-09-03,260.0,7842300.0,,1.0,,,,,,,1,CC,0.3285517626991485,222819600.0,-5378200.0,10.0,10.0,20.0,0.0,2025-09-03,2025-09-03,0,0.0,0
MKAP,2025-09-03,362.0,519900.0,,1.0,,,,,,,1,OD,0.2058389187383517,24894200.0,-28518200.0,10.0,10.0,20.0,0.0,2025-09-03,2025-09-03,0,0.0,0
MKNT,2025-09-03,,,,,,,,,,,0,,,,,,,,,2025-09-03,,0,,0
MKPI,2025-09-03,25000.0,6400.0,,1.0,,,,,,,0,XC,1.0,10040000.0,0.0,1.0,3.0,4.0,0.0,2025-09-03,2025-09-03,0,0.0,0
MKTR,2025-09-03,136.0,137689000.0,,1.0,,,,,,,1,XL,0.2933543161833944,1383769500.0,-403784000.0,10.0,10.0,20.0,0.0,2025-09-03,2025-09-03,0,0.0,0
MLBI,2025-09-03,5900.0,62100.0,,1.0,,,,,,,0,CC,0.7704143945779506,223932500.0,-4700000.0,10.0,7.0,17.0,0.0,2025-09-03,2025-09-03,0,0.0,0
MLIA,2025-09-03,360.0,4020500.0,,1.0,,,,,,,1,IF,0.3110302081754555,218759800.0,33852200.0,10.0,10.0,20.0,0.0,2025-09-03,2025-09-03,0,0.0,0
MLPL,2025-09-03,140.0,102026700.0,,1.0,,,,,,,1,LG,0.2550702708794398,706162300.0,-244033600.0,10.0,10.0,20.0,0.0,2025-09-03,2025-09-03,0,0.0,0
MLPT,2025-09-03,77850.0,16000.0,,1.0,,,,,,,0,YU,0.9091328514087432,936000000.0,0.0,8.0,9.0,17.0,0.0,2025-09-03,2025-09-03,0,0.0,0
MMIX,2025-09-03,280.0,3510100.0,,1.0,,,,,,,1,YP,0.269731992104825,77129000.0,-31249000.0,10.0,10.0,20.0,0.0,2025-09-03,2025-09-03,0,0.0,0
MMLP,2025-09-03,545.0,4841800.0,,1.0,,,,,,,0,ZP,0.3002551642002519,406025000.0,-1896000.0,10.0,10.0,20.0,0.0,2025-09-03,2025-09-03,0,0.0,0
MNCN,2025-09-03,262.0,27076600.0,,1.0,,,,,,,1,ZP,0.3699111997630803,745694000.0,27832600.0,10.0,10.0,20.0,0.0,2025-09-03,2025-09-03,0,0.0,0
MOLI,2025-09-03,204.0,1910400.0,,1.0,,,,,,,1,YP,0.2730181768721605,61020600.0,-2087400.0,10.0,9.0,19.0,0.0,2025-09-03,2025-09-03,0,0.0,0
MORA,2025-09-03,440.0,382600.0,,1.0,,,,,,,1,CP,0.3608004776229075,25140000.0,0.0,10.0,8.0,18.0,0.0,2025-09-03,2025-09-03,0,0.0,0
MPIX,2025-09-03,70.0,12924600.0,,1.0,,,,,,,1,KK,0.2497696696614189,68181500.0,-1543200.0,10.0,10.0,20.0,0.0,2025-09-03,2025-09-03,0,0.0,0
MPMX,2025-09-03,960.0,1057700.0,,1.0,,,,,,,0,YP,0.470057612246338,226493500.0,-5975500.0,10.0,10.0,20.0,0.0,2025-09-03,2025-09-03,0,0.0,0
MPOW,2025-09-03,118.0,1019800.0,,1.0,,,,,,,1,GR,0.9301699119790818,77693000.0,118000.0,8.0,10.0,18.0,0.0,2025-09-03,2025-09-03,0,0.0,0
MPPA,2025-09-03,72.0,48825300.0,,1.0,,,,,,,1,ZP,0.3231848590222528,375245900.0,-41920200.0,10.0,10.0,20.0,0.0,2025-09-03,2025-09-03,0,0.0,0
MPRO,2025-09-03,4500.0,1029100.0,,1.0,,,,,,,0,FZ,0.5514742810258524,1199097000.0,2727000.0,10.0,10.0,20.0,0.0,2025-09-03,2025-09-03,0,0.0,0
MPXL,2025-09-03,125.0,4370100.0,,1.0,,,,,,,1,CP,0.3455710318159228,70438400.0,-4595800.0,10.0,10.0,20.0,0.0,2025-09-03,2025-09-03,0,0.0,0
MRAT,2025-09-03,240.0,872500.0,,1.0,,,,,,,1,AI,0.7859200097371628,118810200.0,238000.0,6.0,10.0,16.0,0.0,2025-09-03,2025-09-03,0,0.0,0
MREI,2025-09-03,920.0,131800.0,,1.0,,,,,,,0,ZP,0.8530911794559056,102118000.0,0.0,6.0,7.0,13.0,0.0,2025-09-03,2025-09-03,0,0.0,0
MSIE,2025-09-03,42.0,25732700.0,,1.0,,,,,,,1,AZ,0.3847966007844955,125853000.0,1261100.0,9.0,10.0,19.0,0.0,2025-09-03,2025-09-03,0,0.0,0
MSIN,2025-09-03,535.0,37859300.0,,1.0,,,,,,,0,BK,0.6443808677095588,2683200000.0,131398000.0,10.0,10.0,20.0,0.0,2025-09-03,2025-09-03,0,0.0,0
MSJA,2025-09-03,304.0,2217600.0,,1.0,,,,,,,1,DR,0.6369459148418283,207878000.0,0.0,10.0,7.0,17.0,0.0,2025-09-03,2025-09-03,0,0.0,0
MSKY,2025-09-03,84.0,34878300.0,,1.0,,,,,,,1,XL,0.3388826410946924,217624400.0,13212100.0,10.0,10.0,20.0,0.0,2025-09-03,2025-09-03,0,0.0,0
MSTI,2025-09-03,1560.0,1700900.0,,1.0,,,,,,,0,DX,0.5663186519722163,886951000.0,-111494000.0,10.0,10.0,20.0,0.0,2025-09-03,2025-09-03,0,0.0,0
MTDL,2025-09-03,600.0,4599800.0,,1.0,,,,,,,0,KZ,0.3291251730645472,265175000.0,-14129000.0,10.0,10.0,20.0,0.0,2025-09-03,2025-09-03,0,0.0,0
MTEL,2025-09-03,595.0,3381400.0,,1.0,,,,,,,0,RG,0.4460240406117353,355530000.0,16995500.0,10.0,10.0,20.0,0.0,2025-09-03,2025-09-03,0,0.0,0
MTFN,2025-09-03,15.0,143758100.0,,1.0,,,,,,,1,CC,0.2816879038484824,268693500.0,-44046000.0,10.0,8.0,18.0,0.0,2025-09-03,2025-09-03,0,0.0,0
MTLA,2025-09-03,438.0,3600.0,,1.0,,,,,,,1,LG,0.4504113345521023,394200.0,0.0,4.0,4.0,8.0,0.0,2025-09-03,2025-09-03,0,0.0,0
MTMH,2025-09-03,1405.0,3088000.0,,1.0,,,,,,,0,SQ,0.6452659776528995,788164000.0,29634500.0,7.0,10.0,17.0,0.0,2025-09-03,2025-09-03,0,0.0,0
MTPS,2025-09-03,46.0,657500.0,,1.0,,,,,,,1,XL,1.0,25424200.0,0.0,1.0,9.0,10.0,0.0,2025-09-03,2025-09-03,0,0.0,0
MTRA,2025-09-03,,,,,,,,,,,0,,,,,,,,,2025-09-03,,0,,0
MTSM,2025-09-03,,,,,,,,,,,0,,,,,,,,,2025-09-03,,0,,0
MTWI,2025-09-03,384.0,441800.0,,1.0,,,,,,,1,MG,0.3945685563860686,37711600.0,0.0,10.0,4.0,14.0,0.0,2025-09-03,2025-09-03,0,0.0,0
MUTU,2025-09-03,99.0,58831200.0,,1.0,,,,,,,1,XL,0.268495697988459,212858100.0,-128038100.0,10.0,10.0,20.0,0.0,2025-09-03,2025-09-03,0,0.0,0
MYOH,2025-09-03,1685.0,13300.0,,1.0,,,,,,,0,TP,0.7392039482703469,16176000.0,0.0,5.0,4.0,9.0,0.0,2025-09-03,2025-09-03,0,0.0,0
MYOR,2025-09-03,2100.0,1435100.0,,1.0,,,,,,,0,BK,0.2742137731895171,419651000.0,-27238000.0,10.0,10.0,20.0,0.0,2025-09-03,2025-09-03,0,0.0,0
MYTX,2025-09-03,,,,,,,,,,,0,,,,,,,,,2025-09-03,,0,,0
NAIK,2025-09-03,147.0,23389100.0,,1.0,,,,,,,1,,0.577914330881228,682233300.0,-34249100.0,10.0,10.0,20.0,0.0,2025-09-03,2025-09-03,0,0.0,0
NANO,2025-09-03,68.0,23160600.0,,1.0,,,,,,,1,AG,0.3071573422614619,259080000.0,13422900.0,10.0,10.0,20.0,0.0,2025-09-03,2025-09-03,0,0.0,0
NASA,2025-09-03,33.0,3124200.0,,1.0,,,,,,,1,XC,0.5462812160694897,39847500.0,-6600.0,10.0,7.0,17.0,0.0,2025-09-03,2025-09-03,0,0.0,0
NASI,2025-09-03,87.0,4380000.0,,1.0,,,,,,,1,GR,0.419031823520362,55836200.0,1114500.0,10.0,10.0,20.0,0.0,2025-09-03,2025-09-03,0,0.0,0
NATO,2025-09-03,135.0,293100.0,,1.0,,,,,,,1,YP,0.6098746949889784,10347500.0,0.0,9.0,5.0,14.0,0.0,2025-09-03,2025-09-03,0,0.0,0
NAYZ,2025-09-03,101.0,21919400.0,,1.0,,,,,,,1,XA,0.3470404011196855,385025500.0,-64390600.0,10.0,10.0,20.0,0.0,2025-09-03,2025-09-03,0,0.0,0
NCKL,2025-09-03,1065.0,70895200.0,,1.0,,,,,,,0,RX,0.1632433144458905,3166346500.0,440749500.0,10.0,10.0,20.0,0.0,2025-09-03,2025-09-03,0,0.0,0
NELY,2025-09-03,350.0,1365900.0,,1.0,,,,,,,1,CC,0.275570782269695,100431000.0,-466400.0,10.0,10.0,20.0,0.0,2025-09-03,2025-09-03,0,0.0,0
NEST,2025-09-03,262.0,7117400.0,,1.0,,,,,,,1,RG,0.2529121309694996,255415000.0,-73688800.0,10.0,10.0,20.0,0.0,2025-09-03,2025-09-03,0,0.0,0
NETV,2025-09-03,133.0,627500.0,,1.0,,,,,,,1,PD,0.3425198845996257,16217700.0,-36800.0,10.0,7.0,17.0,0.0,2025-09-03,2025-09-03,0,0.0,0
NFCX,2025-09-03,1745.0,33000.0,,1.0,,,,,,,0,PG,0.491363135783334,24093500.0,0.0,8.0,4.0,12.0,0.0,2025-09-03,2025-09-03,0,0.0,0
NICE,2025-09-03,446.0,6827600.0,,1.0,,,,,,,1,CC,0.2131655930675545,161985600.0,44750400.0,10.0,10.0,20.0,0.0,2025-09-03,2025-09-03,0,0.0,0
NICK,2025-09-03,1390.0,28400.0,,1.0,,,,,,,0,LG,0.8702044245309437,31075000.0,0.0,7.0,2.0,9.0,0.0,2025-09-03,2025-09-03,0,0.0,0
NICL,2025-09-03,1075.0,19050200.0,,1.0,,,,,,,0,,0.3116494324794536,1878725000.0,408098500.0,10.0,10.0,20.0,0.0,2025-09-03,2025-09-03,0,0.0,0
NIKL,2025-09-03,230.0,2165600.0,,1.0,,,,,,,1,EP,0.2816230556517525,108320000.0,-14427600.0,10.0,4.0,14.0,0.0,2025-09-03,2025-09-03,0,0.0,0
NINE,2025-09-03,310.0,37158900.0,,1.0,,,,,,,1,,,,,,,,,2025-08-28,,6,,1
NIRO,2025-09-03,122.0,16400.0,,1.0,,,,,,,1,CC,0.6623235613463626,61000.0,0.0,4.0,1.0,5.0,0.0,2025-09-03,2025-09-03,0,0.0,0
NISP,2025-09-03,1380.0,4522000.0,,1.0,,,,,,,0,ZP,0.6301600519020214,2997939500.0,120756000.0,10.0,10.0,20.0,0.0,2025-09-03,2025-09-03,0,0.0,0
NOBU,2025-09-03,565.0,6185900.0,,1.0,,,,,,,0,PD,0.341336865094961,475507000.0,82533500.0,10.0,10.0,20.0,0.0,2025-09-03,2025-09-03,0,0.0,0
NPGF,2025-09-03,60.0,89138800.0,,1.0,,,,,,,1,XL,0.6469810605891488,623112700.0,-32649600.0,10.0,10.0,20.0,0.0,2025-09-03,2025-09-03,0,0.0,0
NRCA,2025-09-03,875.0,7228700.0,,1.0,,,,,,,0,XL,0.276933784503491,506722500.0,-348902500.0,10.0,10.0,20.0,0.0,2025-09-03,2025-09-03,0,0.0,0
NSSS,2025-09-03,434.0,13679100.0,,1.0,,,,,,,1,IF,0.5726504836799241,1358150800.0,45122400.0,9.0,10.0,19.0,0.0,2025-09-03,2025-09-03,0,0.0,0
NTBK,2025-09-03,60.0,385074800.0,,1.0,,,,,,,1,CP,0.3668083152463898,603929900.0,132859000.0,10.0,10.0,20.0,0.0,2025-09-03,2025-09-03,0,0.0,0
NUSA,2025-09-03,,,,,,,,,,,0,,,,,,,,,2025-09-03,,0,,0
NZIA,2025-09-03,97.0,1704500.0,,1.0,,,,,,,1,YP,0.2906814420156505,18844500.0,-2550800.0,10.0,5.0,15.0,0.0,2025-09-03,2025-09-03,0,0.0,0
OASA,2025-09-03,248.0,100688900.0,,1.0,,,,,,,1,KI,0.5590048884627628,7648608200.0,324425800.0,10.0,10.0,20.0,0.0,2025-09-03,2025-09-03,0,0.0,0
OBAT,2025-09-03,,,,,,,,,,,0,,,,,,,,,2025-09-03,,0,,0
OBMD,2025-09-03,274.0,4901200.0,,1.0,,,,,,,1,AZ,0.3732260852681619,238358600.0,-15295200.0,10.0,8.0,18.0,0.0,2025-09-03,2025-09-03,0,0.0,0
OCAP,2025-09-03,,,,,,,,,,,0,,,,,,,,,2025-09-03,,0,,0
OILS,2025-09-03,139.0,2759500.0,,1.0,,,,,,,1,GR,0.3064868007809781,43592200.0,1033700.0,10.0,10.0,20.0,0.0,2025-09-03,2025-09-03,0,0.0,0
OKAS,2025-09-03,278.0,8169300.0,,1.0,,,,,,,1,XL,0.7706974119169123,1128505400.0,14225200.0,10.0,10.0,20.0,0.0,2025-09-03,2025-09-03,0,0.0,0
OLIV,2025-09-03,66.0,1063500.0,,1.0,,,,,,,1,MG,0.9928537846732488,69689400.0,1419000.0,2.0,10.0,12.0,0.0,2025-09-03,2025-09-03,0,0.0,0
OMED,2025-09-03,187.0,449400.0,,1.0,,,,,,,1,DR,0.539367210076686,19616300.0,0.0,10.0,7.0,17.0,0.0,2025-09-03,2025-09-03,0,0.0,0
OMRE,2025-09-03,426.0,100.0,,1.0,,,,,,,1,,,,,,,,,2025-09-01,,2,,1
OPMS,2025-09-03,83.0,7112400.0,,1.0,,,,,,,1,CC,0.2458179434903715,30155200.0,-4826300.0,10.0,5.0,15.0,0.0,2025-09-03,2025-09-03,0,0.0,0
PACK,2025-09-03,2900.0,25725600.0,,1.0,,,,,,,0,XL,0.5652422034427269,11685598000.0,-1108058000.0,10.0,10.0,20.0,0.0,2025-09-03,2025-09-03,0,0.0,0
PADA,2025-09-03,49.0,9372100.0,,1.0,,,,,,,1,MG,0.4910375506999869,220676400.0,2195200.0,5.0,10.0,15.0,0.0,2025-09-03,2025-09-03,0,0.0,0
PADI,2025-09-03,78.0,9618200.0,,1.0,,,,,,,1,DH,0.5179728761372099,198707500.0,-432000.0,10.0,8.0,18.0,0.0,2025-09-03,2025-09-03,0,0.0,0
PALM,2025-09-03,404.0,693800.0,,1.0,,,,,,,1,CC,0.2574503468592606,32509800.0,-6248600.0,10.0,7.0,17.0,0.0,2025-09-03,2025-09-03,0,0.0,0
PAMG,2025-09-03,76.0,10260100.0,,1.0,,,,,,,1,CC,0.2151144924182519,52150400.0,-4313400.0,10.0,10.0,20.0,0.0,2025-09-03,2025-09-03,0,0.0,0
PANI,2025-09-03,15550.0,36886100.0,,1.0,,,,,,,0,XL,0.1634237865586406,26610282500.0,-26208117500.0,10.0,10.0,20.0,0.0,2025-09-03,2025-09-03,0,0.0,0
PANR,2025-09-03,755.0,9417600.0,,1.0,,,,,,,0,BR,0.2256869253550991,215161000.0,2273000.0,10.0,10.0,20.0,0.0,2025-09-03,2025-09-03,0,0.0,0
PANS,2025-09-03,1395.0,106200.0,,1.0,,,,,,,0,DH,0.3078012440948248,28798500.0,-1250000.0,10.0,3.0,13.0,0.0,2025-09-03,2025-09-03,0,0.0,0
PART,2025-09-03,115.0,41234800.0,,1.0,,,,,,,1,TP,0.4978292972722983,635524500.0,491400.0,10.0,10.0,20.0,0.0,2025-09-03,2025-09-03,0,0.0,0
PBID,2025-09-03,490.0,458000.0,,1.0,,,,,,,1,XL,0.8393416697531408,114215600.0,1075800.0,5.0,10.0,15.0,0.0,2025-09-03,2025-09-03,0,0.0,0
PBRX,2025-09-03,36.0,48752100.0,,1.0,,,,,,,1,GR,0.2989643254878375,374007600.0,-149220000.0,10.0,10.0,20.0,0.0,2025-09-03,2025-09-03,0,0.0,0
PBSA,2025-09-03,880.0,18786800.0,,1.0,,,,,,,0,XL,0.2815504902298589,1587272000.0,-576681500.0,10.0,10.0,20.0,0.0,2025-09-03,2025-09-03,0,0.0,0
PCAR,2025-09-03,40.0,38079600.0,,1.0,,,,,,,1,CP,0.7855974852457367,846416400.0,-333800.0,10.0,10.0,20.0,0.0,2025-09-03,2025-09-03,0,0.0,0
PDES,2025-09-03,478.0,500.0,,1.0,,,,,,,1,PC,1.0,239000.0,0.0,1.0,1.0,2.0,0.0,2025-09-03,2025-09-03,0,0.0,0
PDPP,2025-09-03,505.0,943400.0,,1.0,,,,,,,0,KK,0.5858110524745854,165754300.0,50000.0,7.0,10.0,17.0,0.0,2025-09-03,2025-09-03,0,0.0,0
PEGE,2025-09-03,113.0,567000.0,,1.0,,,,,,,1,LS,0.5444173741848161,22122400.0,-89600.0,10.0,9.0,19.0,0.0,2025-09-03,2025-09-03,0,0.0,0
PEHA,2025-09-03,334.0,42100.0,,1.0,,,,,,,1,NI,0.6128737297931439,7104800.0,0.0,8.0,6.0,14.0,0.0,2025-09-03,2025-09-03,0,0.0,0
PEVE,2025-09-03,446.0,149200.0,,1.0,,,,,,,1,SH,0.330092324349014,15610000.0,-89200.0,10.0,10.0,20.0,0.0,2025-09-03,2025-09-03,0,0.0,0
PGAS,2025-09-03,1760.0,113454700.0,,1.0,,,,,,,0,AK,0.3369117738487847,39377530000.0,15675537500.0,10.0,10.0,20.0,0.0,2025-09-03,2025-09-03,0,0.0,0
PGEO,2025-09-03,1435.0,37030500.0,,1.0,,,,,,,0,YP,0.26063685827678,4557515000.0,-3582276000.0,10.0,10.0,20.0,0.0,2025-09-03,2025-09-03,0,0.0,0
PGJO,2025-09-03,,,,,,,,,,,0,,,,,,,,,2025-09-03,,0,,0
PGLI,2025-09-03,178.0,391800.0,,1.0,,,,,,,1,AI,0.4605535537597552,27276100.0,0.0,7.0,9.0,16.0,0.0,2025-09-03,2025-09-03,0,0.0,0
PGUN,2025-09-03,3850.0,1230600.0,,1.0,,,,,,,0,,,,,,,,,2025-09-01,,2,,1
PICO,2025-09-03,146.0,635700.0,,1.0,,,,,,,1,KK,0.5699593743002463,14254000.0,0.0,6.0,10.0,16.0,0.0,2025-09-03,2025-09-03,0,0.0,0
PIPA,2025-09-03,175.0,282747200.0,,1.0,,,,,,,1,CP,0.2251739935377648,1162109200.0,-201012300.0,10.0,10.0,20.0,0.0,2025-09-03,2025-09-03,0,0.0,0
PJAA,2025-09-03,498.0,58900.0,,1.0,,,,,,,1,GR,0.41184492177492,9966400.0,0.0,7.0,9.0,16.0,0.0,2025-09-03,2025-09-03,0,0.0,0
PKPK,2025-09-03,590.0,159000.0,,1.0,,,,,,,0,SQ,0.6282526401946185,55265500.0,0.0,7.0,4.0,11.0,0.0,2025-09-03,2025-09-03,0,0.0,0
PLAN,2025-09-03,60.0,11081300.0,,1.0,,,,,,,1,XL,0.6405614153949168,161863400.0,-3207300.0,10.0,10.0,20.0,0.0,2025-09-03,2025-09-03,0,0.0,0
PLAS,2025-09-03,,,,,,,,,,,0,,,,,,,,,2025-09-03,,0,,0
PLIN,2025-09-03,,,,,,,,,,,0,,,,,,,,,2025-09-03,,0,,0
PMJS,2025-09-03,119.0,207500.0,,1.0,,,,,,,1,OD,0.4611421210820094,8914200.0,0.0,7.0,7.0,14.0,0.0,2025-09-03,2025-09-03,0,0.0,0
PMMP,2025-09-03,,,,,,,,,,,0,,,,,,,,,2025-09-03,,0,,0
PMUI,2025-09-03,,,,,,,,,,,0,,,,,,,,,2025-09-03,,0,,0
PNBN,2025-09-03,1150.0,4732500.0,,1.0,,,,,,,0,KK,0.2633678989105734,639100000.0,-6966000.0,10.0,10.0,20.0,0.0,2025-09-03,2025-09-03,0,0.0,0
PNBS,2025-09-03,58.0,153754900.0,,1.0,,,,,,,1,XL,0.248614950373853,428567200.0,177777400.0,10.0,10.0,20.0,0.0,2025-09-03,2025-09-03,0,0.0,0
PNGO,2025-09-03,2530.0,14700.0,,1.0,,,,,,,0,XL,0.713955362461021,20377000.0,0.0,4.0,5.0,9.0,0.0,2025-09-03,2025-09-03,0,0.0,0
PNIN,2025-09-03,845.0,633800.0,,1.0,,,,,,,0,XL,0.3583616774659395,94297500.0,-592000.0,10.0,9.0,19.0,0.0,2025-09-03,2025-09-03,0,0.0,0
PNLF,2025-09-03,258.0,72666400.0,,1.0,,,,,,,1,MG,0.2389423459405157,1466879200.0,-200398200.0,10.0,10.0,20.0,0.0,2025-09-03,2025-09-03,0,0.0,0
PNSE,2025-09-03,825.0,792800.0,,1.0,,,,,,,0,CC,0.4161664861733999,102028000.0,-1040000.0,10.0,9.0,19.0,0.0,2025-09-03,2025-09-03,0,0.0,0
POLA,2025-09-03,24.0,5616200.0,,1.0,,,,,,,1,CC,0.6398371631674658,74311200.0,-12000.0,10.0,5.0,15.0,0.0,2025-09-03,2025-09-03,0,0.0,0
POLI,2025-09-03,785.0,200.0,,1.0,,,,,,,0,XL,1.0,157000.0,0.0,1.0,1.0,2.0,0.0,2025-09-03,2025-09-03,0,0.0,0
POLL,2025-09-03,,,,,,,,,,,0,,,,,,,,,2025-09-03,,0,,0
POLU,2025-09-03,7200.0,236900.0,,1.0,,,,,,,0,CC,0.4605386461733547,330497500.0,810000.0,10.0,10.0,20.0,0.0,2025-09-03,2025-09-03,0,0.0,0
POLY,2025-09-03,24.0,124200.0,,1.0,,,,,,,1,XL,0.4351229105211406,1106300.0,0.0,9.0,2.0,11.0,0.0,2025-09-03,2025-09-03,0,0.0,0
POOL,2025-09-03,,,,,,,,,,,0,,,,,,,,,2025-09-03,,0,,0
PORT,2025-09-03,920.0,220400.0,,1.0,,,,,,,0,AI,0.9994889065085684,180892000.0,0.0,2.0,8.0,10.0,0.0,2025-09-03,2025-09-03,0,0.0,0
POSA,2025-09-03,,,,,,,,,,,0,,,,,,,,,2025-09-03,,0,,0
POWR,2025-09-03,710.0,2129600.0,,1.0,,,,,,,0,CD,0.3070326516552745,376150000.0,63318500.0,10.0,10.0,20.0,0.0,2025-09-03,2025-09-03,0,0.0,0
PPGL,2025-09-03,105.0,52900.0,,1.0,,,,,,,1,NI,0.7884662376802151,968000.0,0.0,5.0,6.0,11.0,0.0,2025-09-03,2025-09-03,0,0.0,0
PPRE,2025-09-03,123.0,963029900.0,,1.0,,,,,,,1,AZ,0.3389181753106419,2143079400.0,90297300.0,10.0,10.0,20.0,0.0,2025-09-03,2025-09-03,0,0.0,0
PPRI,2025-09-03,260.0,7372700.0,,1.0,,,,,,,1,OD,0.2778104878159996,138909800.0,-33442200.0,10.0,10.0,20.0,0.0,2025-09-03,2025-09-03,0,0.0,0
PPRO,2025-09-03,,,,,,,,,,,0,,,,,,,,,2025-09-03,,0,,0
PRAY,2025-09-03,695.0,22600.0,,1.0,,,,,,,0,XL,1.0,6684000.0,0.0,1.0,7.0,8.0,0.0,2025-09-03,2025-09-03,0,0.0,0
PRDA,2025-09-03,2670.0,85900.0,,1.0,,,,,,,0,CC,0.2318894054559319,37708000.0,-1614000.0,10.0,6.0,16.0,0.0,2025-09-03,2025-09-03,0,0.0,0
PRIM,2025-09-03,94.0,145780400.0,,1.0,,,,,,,1,BQ,0.3184576806870214,237996800.0,-20340200.0,10.0,10.0,20.0,0.0,2025-09-03,2025-09-03,0,0.0,0
PSAB,2025-09-03,610.0,329136300.0,,1.0,,,,,,,0,YP,0.2107715974812855,4735693500.0,-1045006500.0,10.0,10.0,20.0,0.0,2025-09-03,2025-09-03,0,0.0,0
PSAT,2025-09-03,,,,,,,,,,,0,,,,,,,,,2025-09-03,,0,,0
PSDN,2025-09-03,99.0,23649000.0,,1.0,,,,,,,1,XA,0.3317294216263758,199296800.0,1076500.0,10.0,10.0,20.0,0.0,2025-09-03,2025-09-03,0,0.0,0
PSGO,2025-09-03,206.0,1661400.0,,1.0,,,,,,,1,OD,0.4827862902995353,84473600.0,-593400.0,10.0,9.0,19.0,0.0,2025-09-03,2025-09-03,0,0.0,0
PSKT,2025-09-03,117.0,23121800.0,,1.0,,,,,,,1,MG,0.7320297190777201,1422122700.0,110694800.0,8.0,10.0,18.0,0.0,2025-09-03,2025-09-03,0,0.0,0
PSSI,2025-09-03,352.0,3519700.0,,1.0,,,,,,,1,II,0.8977281532122715,1052025000.0,-481600.0,10.0,7.0,17.0,0.0,2025-09-03,2025-09-03,0,0.0,0
PTBA,2025-09-03,2420.0,8285200.0,,1.0,,,,,,,0,YP,0.3531463707005167,2884454000.0,-938907000.0,10.0,10.0,20.0,0.0,2025-09-03,2025-09-03,0,0.0,0
PTDU,2025-09-03,,,,,,,,,,,0,,,,,,,,,2025-09-03,,0,,0
PTIS,2025-09-03,404.0,170900.0,,1.0,,,,,,,1,YP,0.4462159480425762,15829600.0,0.0,8.0,5.0,13.0,0.0,2025-09-03,2025-09-03,0,0.0,0
PTMP,2025-09-03,99.0,14761700.0,,1.0,,,,,,,1,EP,0.2765358346112834,82859400.0,-758100.0,10.0,10.0,20.0,0.0,2025-09-03,2025-09-03,0,0.0,0
PTMR,2025-09-03,,,,,,,,,,,0,,,,,,,,,2025-09-03,,0,,0
PTPP,2025-09-03,404.0,117359400.0,,1.0,,,,,,,1,ZP,0.2066685468960546,1945525000.0,1721545800.0,10.0,10.0,20.0,0.0,2025-09-03,2025-09-03,0,0.0,0
PTPS,2025-09-03,178.0,17385700.0,,1.0,,,,,,,1,AK,0.4922734620922908,487126300.0,52022700.0,10.0,10.0,20.0,0.0,2025-09-03,2025-09-03,0,0.0,0
PTPW,2025-09-03,950.0,29200.0,,1.0,,,,,,,0,IH,0.3377942756666992,8645000.0,0.0,8.0,3.0,11.0,0.0,2025-09-03,2025-09-03,0,0.0,0
PTRO,2025-09-03,3700.0,16986200.0,,1.0,,,,,,,0,AZ,0.2608739174199859,4993318000.0,642186000.0,10.0,10.0,20.0,0.0,2025-09-03,2025-09-03,0,0.0,0
PTSN,2025-09-03,510.0,30018100.0,,1.0,,,,,,,0,XL,0.4895612158428092,1324708100.0,-229480700.0,10.0,10.0,20.0,0.0,2025-09-03,2025-09-03,0,0.0,0
PTSP,2025-09-03,1025.0,25900.0,,1.0,,,,,,,0,PD,0.5542404428960054,5806500.0,0.0,5.0,6.0,11.0,0.0,2025-09-03,2025-09-03,0,0.0,0
PUDP,2025-09-03,230.0,29100.0,,1.0,,,,,,,1,XL,0.3787710624558571,1501600.0,0.0,6.0,3.0,9.0,0.0,2025-09-03,2025-09-03,0,0.0,0
PURA,2025-09-03,28.0,16053400.0,,1.0,,,,,,,1,GR,0.4921424577235302,142928800.0,-3892000.0,10.0,10.0,20.0,0.0,2025-09-03,2025-09-03,0,0.0,0
PURE,2025-09-03,,,,,,,,,,,0,,,,,,,,,2025-09-03,,0,,0
PURI,2025-09-03,189.0,271000.0,,1.0,,,,,,,1,CP,0.5086032208265124,18548200.0,0.0,9.0,4.0,13.0,0.0,2025-09-03,2025-09-03,0,0.0,0
PWON,2025-09-03,370.0,42250900.0,,1.0,,,,,,,1,DX,0.194719293750543,1399260400.0,370877600.0,10.0,10.0,20.0,0.0,2025-09-03,2025-09-03,0,0.0,0
PYFA,2025-09-03,640.0,11371900.0,,1.0,,,,,,,0,PD,0.2502406179317292,985652000.0,12169000.0,10.0,10.0,20.0,0.0,2025-09-03,2025-09-03,0,0.0,0
PZZA,2025-09-03,210.0,2748800.0,,1.0,,,,,,,1,NI,0.248062528740602,110154200.0,-5125600.0,10.0,7.0,17.0,0.0,2025-09-03,2025-09-03,0,0.0,0
RAAM,2025-09-03,290.0,21228400.0,,1.0,,,,,,,1,CC,0.2845164409660634,207724600.0,94216000.0,10.0,10.0,20.0,0.0,2025-09-03,2025-09-03,0,0.0,0
RAFI,2025-09-03,,,,,,,,,,,0,,,,,,,,,2025-09-03,,0,,0
RAJA,2025-09-03,2700.0,20883900.0,,1.0,,,,,,,0,PG,0.5283928970923244,10311971000.0,-2189552000.0,10.0,10.0,20.0,0.0,2025-09-03,2025-09-03,0,0.0,0
RALS,2025-09-03,390.0,3375200.0,,1.0,,,,,,,1,TP,0.3157496514474111,276930000.0,-15526600.0,10.0,10.0,20.0,0.0,2025-09-03,2025-09-03,0,0.0,0
RANC,2025-09-03,410.0,17400.0,,1.0,,,,,,,1,YP,0.3474954434039344,1105800.0,0.0,6.0,5.0,11.0,0.0,2025-09-03,2025-09-03,0,0.0,0
RATU,2025-09-03,,,,,,,,,,,0,,,,,,,,,2025-09-03,,0,,0
RBMS,2025-09-03,34.0,1504500.0,,1.0,,,,,,,1,YP,0.3853173645100951,15799900.0,0.0,9.0,7.0,16.0,0.0,2025-09-03,2025-09-03,0,0.0,0
RCCC,2025-09-03,185.0,912300.0,,1.0,,,,,,,1,YU,0.2580625633575066,25151500.0,197400.0,9.0,10.0,19.0,0.0,2025-09-03,2025-09-03,0,0.0,0
RDTX,2025-09-03,12025.0,500.0,,1.0,,,,,,,0,XC,1.0,3690000.0,0.0,1.0,3.0,4.0,0.0,2025-09-03,2025-09-03,0,0.0,0
REAL,2025-09-03,46.0,17484700.0,,1.0,,,,,,,1,BQ,0.4214289549532628,203283800.0,23330900.0,10.0,10.0,20.0,0.0,2025-09-03,2025-09-03,0,0.0,0
RELF,2025-09-03,51.0,69656300.0,,1.0,,,,,,,1,PD,0.1956484657736842,204280300.0,-59864700.0,10.0,10.0,20.0,0.0,2025-09-03,2025-09-03,0,0.0,0
RELI,2025-09-03,655.0,101400.0,,1.0,,,,,,,0,XL,0.431164457626595,13955500.0,0.0,8.0,4.0,12.0,0.0,2025-09-03,2025-09-03,0,0.0,0
RGAS,2025-09-03,118.0,30141100.0,,1.0,,,,,,,1,AT,0.7324855812317321,1096929900.0,61292100.0,10.0,10.0,20.0,0.0,2025-09-03,2025-09-03,0,0.0,0
RICY,2025-09-03,58.0,1867800.0,,1.0,,,,,,,1,XL,0.2990641247833622,25021200.0,11600.0,9.0,10.0,19.0,0.0,2025-09-03,2025-09-03,0,0.0,0
RIGS,2025-09-03,810.0,1815700.0,,1.0,,,,,,,0,RF,0.4200987380718992,458356500.0,-3197000.0,10.0,10.0,20.0,0.0,2025-09-03,2025-09-03,0,0.0,0
RIMO,2025-09-03,,,,,,,,,,,0,,,,,,,,,2025-09-03,,0,,0
RISE,2025-09-03,1010.0,942500.0,,1.0,,,,,,,0,IH,0.4119928298770346,162381000.0,1093500.0,9.0,10.0,19.0,0.0,2025-09-03,2025-09-03,0,0.0,0
RMKE,2025-09-03,950.0,8238200.0,,1.0,,,,,,,0,MG,0.1803021415618785,678704500.0,-1420755000.0,10.0,10.0,20.0,0.0,2025-09-03,2025-09-03,0,0.0,0
RMKO,2025-09-03,158.0,113983500.0,,1.0,,,,,,,1,XL,0.2924160509277291,645578700.0,48072500.0,10.0,10.0,20.0,0.0,2025-09-03,2025-09-03,0,0.0,0
ROCK,2025-09-03,625.0,8700.0,,1.0,,,,,,,0,XC,0.6,750000.0,0.0,2.0,1.0,3.0,0.0,2025-09-03,2025-09-03,0,0.0,0
RODA,2025-09-03,46.0,204000.0,,1.0,,,,,,,1,PD,0.7102034511673065,6437000.0,0.0,6.0,5.0,11.0,0.0,2025-09-03,2025-09-03,0,0.0,0
RONY,2025-09-03,,,,,,,,,,,0,,,,,,,,,2025-09-03,,0,,0
ROTI,2025-09-03,800.0,193200.0,,1.0,,,,,,,0,CD,0.4143989693786542,41817000.0,0.0,10.0,9.0,19.0,0.0,2025-09-03,2025-09-03,0,0.0,0
RSCH,2025-09-03,370.0,3553100.0,,1.0,,,,,,,1,PS,0.4715583195606542,490240800.0,-6200.0,10.0,9.0,19.0,0.0,2025-09-03,2025-09-03,0,0.0,0
RSGK,2025-09-03,,,,,,,,,,,0,,,,,,,,,2025-09-03,,0,,0
RUIS,2025-09-03,224.0,677800.0,,1.0,,,,,,,1,YP,0.348293401649691,16831000.0,-129200.0,10.0,6.0,16.0,0.0,2025-09-03,2025-09-03,0,0.0,0
RUNS,2025-09-03,121.0,1857200.0,,1.0,,,,,,,1,XL,0.7663451374048641,127736400.0,0.0,10.0,7.0,17.0,0.0,2025-09-03,2025-09-03,0,0.0,0
SAFE,2025-09-03,186.0,244000.0,,1.0,,,,,,,1,SF,0.4458523171487882,14884200.0,0.0,6.0,10.0,16.0,0.0,2025-09-03,2025-09-03,0,0.0,0
SAGE,2025-09-03,41.0,5313800.0,,1.0,,,,,,,1,CC,0.1913569162626444,13107700.0,-1336600.0,10.0,6.0,16.0,0.0,2025-09-03,2025-09-03,0,0.0,0
SAME,2025-09-03,350.0,1186300.0,,1.0,,,,,,,1,XL,0.743171531137818,215219800.0,2899200.0,10.0,10.0,20.0,0.0,2025-09-03,2025-09-03,0,0.0,0
SAMF,2025-09-03,334.0,222400.0,,1.0,,,,,,,1,EP,0.2729602409708885,9352000.0,-401600.0,10.0,6.0,16.0,0.0,2025-09-03,2025-09-03,0,0.0,0
SAPX,2025-09-03,312.0,320600.0,,1.0,,,,,,,1,YP,0.5160388838918524,21457000.0,-31200.0,10.0,5.0,15.0,0.0,2025-09-03,2025-09-03,0,0.0,0
SATU,2025-09-03,248.0,12570100.0,,1.0,,,,,,,1,AK,0.5915743405800852,178319200.0,2327600.0,10.0,10.0,20.0,0.0,2025-09-03,2025-09-03,0,0.0,0
SBAT,2025-09-03,,,,,,,,,,,0,,,,,,,,,2025-09-03,,0,,0
SBMA,2025-09-03,136.0,2369800.0,,1.0,,,,,,,1,YP,0.5936282486863286,128369200.0,0.0,10.0,10.0,20.0,0.0,2025-09-03,2025-09-03,0,0.0,0
SCCO,2025-09-03,2320.0,62300.0,,1.0,,,,,,,0,NI,0.62087639520463,30038000.0,0.0,7.0,9.0,16.0,0.0,2025-09-03,2025-09-03,0,0.0,0
SCMA,2025-09-03,332.0,194190200.0,,1.0,,,,,,,1,AK,0.3425995498547223,5359145800.0,2662787000.0,10.0,10.0,20.0,0.0,2025-09-03,2025-09-03,0,0.0,0
SCNP,2025-09-03,183.0,43100.0,,1.0,,,,,,,1,XL,0.9125159017516392,2797500.0,0.0,3.0,2.0,5.0,0.0,2025-09-03,2025-09-03,0,0.0,0
SCPI,2025-09-03,,,,,,,,,,,0,,,,,,,,,2025-09-03,,0,,0
SDMU,2025-09-03,50.0,1759300.0,,1.0,,,,,,,1,XL,0.6162109375,20949200.0,0.0,6.0,9.0,15.0,0.0,2025-09-03,2025-09-03,0,0.0,0
SDPC,2025-09-03,134.0,350100.0,,1.0,,,,,,,1,XL,0.6850529202115102,24084200.0,0.0,8.0,5.0,13.0,0.0,2025-09-03,2025-09-03,0,0.0,0
SDRA,2025-09-03,302.0,230800.0,,1.0,,,,,,,1,DP,0.7518881496133789,46830000.0,0.0,9.0,7.0,16.0,0.0,2025-09-03,2025-09-03,0,0.0,0
SEMA,2025-09-03,102.0,30576000.0,,1.0,,,,,,,1,XL,0.6468762668290877,355364000.0,-7373100.0,10.0,10.0,20.0,0.0,2025-09-03,2025-09-03,0,0.0,0
SFAN,2025-09-03,1915.0,73500.0,,1.0,,,,,,,0,FZ,0.4015422451719103,20490500.0,0.0,8.0,6.0,14.0,0.0,2025-09-03,2025-09-03,0,0.0,0
SGER,2025-09-03,334.0,185854400.0,,1.0,,,,,,,1,CP,0.4231223292612769,4290572800.0,481893200.0,10.0,10.0,20.0,0.0,2025-09-03,2025-09-03,0,0.0,0
SGRO,2025-09-03,4390.0,1847000.0,,1.0,,,,,,,0,AK,0.3580176472172926,1701065000.0,116276000.0,10.0,10.0,20.0,0.0,2025-09-03,2025-09-03,0,0.0,0
SHID,2025-09-03,915.0,4000.0,,1.0,,,,,,,0,XC,0.3994182143656299,892500.0,0.0,4.0,3.0,7.0,0.0,2025-09-03,2025-09-03,0,0.0,0
SHIP,2025-09-03,4500.0,46400.0,,1.0,,,,,,,0,FZ,0.589153813266682,89572000.0,0.0,8.0,8.0,16.0,0.0,2025-09-03,2025-09-03,0,0.0,0
SICO,2025-09-03,124.0,7716200.0,,1.0,,,,,,,1,XL,0.3160863031795681,109654100.0,-448100.0,10.0,10.0,20.0,0.0,2025-09-03,2025-09-03,0,0.0,0
SIDO,2025-09-03,525.0,16849500.0,,1.0,,,,,,,0,ZP,0.2543601554439529,1244016000.0,408822000.0,10.0,10.0,20.0,0.0,2025-09-03,2025-09-03,0,0.0,0
SILO,2025-09-03,2190.0,616000.0,,1.0,,,,,,,0,DP,0.9202883711322584,1033609000.0,8064000.0,8.0,10.0,18.0,0.0,2025-09-03,2025-09-03,0,0.0,0
SIMA,2025-09-03,,,,,,,,,,,0,,,,,,,,,2025-09-03,,0,,0
SIMP,2025-09-03,655.0,25726500.0,,1.0,,,,,,,0,AK,0.2297025957602812,1544782000.0,582204500.0,10.0,10.0,20.0,0.0,2025-09-03,2025-09-03,0,0.0,0
SINI,2025-09-03,3620.0,536900.0,,1.0,,,,,,,0,NI,0.9324187965411096,1825000000.0,0.0,5.0,7.0,12.0,0.0,2025-09-03,2025-09-03,0,0.0,0
SIPD,2025-09-03,740.0,1200.0,,1.0,,,,,,,0,,,,,,,,,2025-09-02,,1,,1
SKBM,2025-09-03,360.0,165200.0,,1.0,,,,,,,1,OD,0.6025539965316097,4586400.0,0.0,10.0,4.0,14.0,0.0,2025-09-03,2025-09-03,0,0.0,0
SKLT,2025-09-03,196.0,498800.0,,1.0,,,,,,,1,KK,0.5554849301466648,29538300.0,0.0,7.0,9.0,16.0,0.0,2025-09-03,2025-09-03,0,0.0,0
SKRN,2025-09-03,406.0,761200.0,,1.0,,,,,,,1,XC,0.4931979708950537,133334000.0,-242000.0,10.0,2.0,12.0,0.0,2025-09-03,2025-09-03,0,0.0,0
SKYB,2025-09-03,,,,,,,,,,,0,,,,,,,,,2025-09-03,,0,,0
SLIS,2025-09-03,105.0,1798415300.0,,1.0,,,,,,,1,,,,,,,,,2025-09-02,,1,,1
SMAR,2025-09-03,5975.0,210800.0,,1.0,,,,,,,0,BB,0.3211329238773699,186400000.0,2255000.0,10.0,10.0,20.0,0.0,2025-09-03,2025-09-03,0,0.0,0
SMBR,2025-09-03,296.0,75060000.0,,1.0,,,,,,,1,AK,0.2204321149566068,1664478800.0,1613252600.0,10.0,10.0,20.0,0.0,2025-09-03,2025-09-03,0,0.0,0
SMCB,2025-09-03,,,,,,,,,,,0,,,,,,,,,2025-09-03,,0,,0
SMDM,2025-09-03,830.0,97700.0,,1.0,,,,,,,0,NI,0.2761503067484662,12603500.0,0.0,10.0,5.0,15.0,0.0,2025-09-03,2025-09-03,0,0.0,0
SMDR,2025-09-03,340.0,31139600.0,,1.0,,,,,,,1,ZP,0.4298846130493874,1546329000.0,-56982800.0,10.0,10.0,20.0,0.0,2025-09-03,2025-09-03,0,0.0,0
