symbol,date,close,volume,ret_1,vol_ratio,ret_1_lag1,ret_1_lag2,ret_1_lag3,vol_ratio_lag1,vol_ratio_lag2,vol_ratio_lag3,is_price_lt_500,top_buyer,top_buyer_concentration,top_buyer_net_value,total_net_value,num_buyers,num_sellers,num_brokers,retail_broker_ratio
AADI,2025-09-03,7175.0,30661000.0,,1.0,,,,,,,0,AK,0.4852238276316148,12301697500.0,7825040000.0,10.0,10.0,20.0,0.25
AALI,2025-09-03,7300.0,1578400.0,,1.0,,,,,,,0,CP,0.9127700191787254,5470407500.0,339460000.0,10.0,10.0,20.0,0.15
ABBA,2025-09-03,42.0,734200.0,,1.0,,,,,,,1,AK,0.5613463323530123,15523200.0,-21000.0,10.0,8.0,18.0,0.2777777777777778
ABDA,2025-09-03,3400.0,100.0,,1.0,,,,,,,0,,,,,,,,
ABMM,2025-09-03,2960.0,669500.0,,1.0,,,,,,,0,XC,0.5001643618428938,256716000.0,-14462000.0,10.0,10.0,20.0,0.25
ACES,2025-09-03,436.0,75954900.0,,1.0,,,,,,,1,CC,0.365057750709836,3411295000.0,-2757888800.0,10.0,8.0,18.0,0.2777777777777778
ACRO,2025-09-03,84.0,10604400.0,,1.0,,,,,,,1,HP,0.4372110557015845,112900000.0,13334500.0,10.0,10.0,20.0,0.25
ACST,2025-09-03,156.0,149197900.0,,1.0,,,,,,,1,AT,0.4662245624047372,121221000.0,7541400.0,10.0,10.0,20.0,0.2
ADCP,2025-09-03,69.0,1511227000.0,,1.0,,,,,,,1,XL,0.6517052544636844,934177900.0,175246300.0,10.0,10.0,20.0,0.25
ADES,2025-09-03,13675.0,10900.0,,1.0,,,,,,,0,SQ,0.6323990743121625,38150000.0,0.0,7.0,8.0,15.0,0.3333333333333333
ADHI,2025-09-03,294.0,130272900.0,,1.0,,,,,,,1,AT,0.7777647091097379,1976525000.0,18987600.0,10.0,10.0,20.0,0.2
ADMF,2025-09-03,9000.0,31400.0,,1.0,,,,,,,0,PD,0.8149474289272627,125132500.0,0.0,8.0,6.0,14.0,0.3571428571428571
ADMG,2025-09-03,150.0,5097600.0,,1.0,,,,,,,1,KK,0.5447041811197558,17735000.0,-147000.0,10.0,9.0,19.0,0.2631578947368421
ADMR,2025-09-03,1025.0,33131700.0,,1.0,,,,,,,0,CC,0.5317396351412609,2167669500.0,-1218088500.0,10.0,10.0,20.0,0.15
ADRO,2025-09-03,1730.0,80794900.0,,1.0,,,,,,,0,XL,0.4153091552617707,8724817000.0,-4443290500.0,10.0,10.0,20.0,0.25
AEGS,2025-09-03,46.0,438976100.0,,1.0,,,,,,,1,XL,0.6719813236329292,1324926100.0,-132347400.0,10.0,6.0,16.0,0.25
AGAR,2025-09-03,250.0,29500.0,,1.0,,,,,,,1,CC,0.7343148510839468,7274400.0,-49800.0,10.0,3.0,13.0,0.3076923076923077
AGII,2025-09-03,835.0,382100.0,,1.0,,,,,,,0,SQ,0.5488127281643328,157326000.0,-39140500.0,10.0,7.0,17.0,0.2352941176470588
AGRO,2025-09-03,236.0,6693400.0,,1.0,,,,,,,1,XL,0.3666790697183452,148535400.0,-55895400.0,10.0,10.0,20.0,0.2
AGRS,2025-09-03,78.0,5399900.0,,1.0,,,,,,,1,NI,0.7121239467925634,198843600.0,13671200.0,10.0,10.0,20.0,0.3
AHAP,2025-09-03,79.0,10914300.0,,1.0,,,,,,,1,XL,0.7287303410314404,251832700.0,12272500.0,10.0,10.0,20.0,0.2
AIMS,2025-09-03,326.0,10500.0,,1.0,,,,,,,1,XL,0.9918032786885246,10144000.0,0.0,3.0,3.0,6.0,0.3333333333333333
AISA,2025-09-03,121.0,8303300.0,,1.0,,,,,,,1,YU,0.5196978053050408,750392200.0,-115592800.0,10.0,6.0,16.0,0.3125
AKKU,2025-09-03,,,,,,,,,,,0,,,,,,,,
AKPI,2025-09-03,555.0,9900.0,,1.0,,,,,,,0,NI,0.9355871886120996,128296000.0,0.0,9.0,3.0,12.0,0.4166666666666667
AKRA,2025-09-03,1235.0,20502900.0,,1.0,,,,,,,0,DP,0.6218866469163614,2894801000.0,-853091000.0,10.0,10.0,20.0,0.2
AKSI,2025-09-03,248.0,87800.0,,1.0,,,,,,,1,SQ,0.7408966293924261,9722000.0,0.0,8.0,8.0,16.0,0.3125
ALDO,2025-09-03,500.0,119300.0,,1.0,,,,,,,0,NI,0.882296159626593,11354000.0,0.0,5.0,5.0,10.0,0.3
ALII,2025-09-03,530.0,1554900.0,,1.0,,,,,,,0,AZ,0.7548933524348078,251370000.0,0.0,7.0,10.0,17.0,0.2352941176470588
ALKA,2025-09-03,318.0,65500.0,,1.0,,,,,,,1,YP,0.7866530258912411,1841200.0,0.0,9.0,5.0,14.0,0.2142857142857142
ALMI,2025-09-03,,,,,,,,,,,0,,,,,,,,
ALTO,2025-09-03,,,,,,,,,,,0,,,,,,,,
AMAG,2025-09-03,370.0,97300.0,,1.0,,,,,,,1,CC,0.8545872017570131,13440800.0,0.0,6.0,4.0,10.0,0.5
AMAN,2025-09-03,125.0,5726100.0,,1.0,,,,,,,1,YP,0.4314482743653321,21622600.0,0.0,10.0,10.0,20.0,0.25
AMAR,2025-09-03,208.0,382900.0,,1.0,,,,,,,1,IF,0.5623685001502855,15329600.0,-42000.0,10.0,8.0,18.0,0.2777777777777778
AMFG,2025-09-03,3330.0,50100.0,,1.0,,,,,,,0,DR,0.6816806474625471,35197000.0,0.0,6.0,10.0,16.0,0.1875
AMIN,2025-09-03,226.0,1459100.0,,1.0,,,,,,,1,CP,0.8188161272755562,155124400.0,18000.0,7.0,10.0,17.0,0.2941176470588235
AMMN,2025-09-03,8025.0,27878600.0,,1.0,,,,,,,0,YU,0.4954180772280995,12292485000.0,-295042500.0,10.0,10.0,20.0,0.2
AMMS,2025-09-03,179.0,8085500.0,,1.0,,,,,,,1,XL,0.8348219045841934,296764900.0,-3056900.0,10.0,10.0,20.0,0.25
AMOR,2025-09-03,478.0,96600.0,,1.0,,,,,,,1,XL,0.7416301678579117,46422800.0,-2181200.0,10.0,3.0,13.0,0.3846153846153846
AMRT,2025-09-03,2140.0,23760000.0,,1.0,,,,,,,0,BQ,0.437032202461131,8504392000.0,-3892487000.0,10.0,8.0,18.0,0.2777777777777778
ANDI,2025-09-03,34.0,7478300.0,,1.0,,,,,,,1,XL,0.5261524067736001,102916000.0,-7263100.0,10.0,10.0,20.0,0.3
ANJT,2025-09-03,1795.0,1207300.0,,1.0,,,,,,,0,OD,0.8303350749447733,1524930500.0,-4137500.0,10.0,7.0,17.0,0.2941176470588235
ANTM,2025-09-03,3480.0,393011500.0,,1.0,,,,,,,0,AK,0.666338968689567,157633112000.0,109923920000.0,10.0,10.0,20.0,0.25
APEX,2025-09-03,127.0,36165800.0,,1.0,,,,,,,1,CC,0.4383841784733242,325917900.0,34778900.0,10.0,10.0,20.0,0.25
APIC,2025-09-03,1160.0,6717800.0,,1.0,,,,,,,0,TP,0.5076125180572956,331958500.0,-51428000.0,10.0,10.0,20.0,0.1
APII,2025-09-03,176.0,110400.0,,1.0,,,,,,,1,YP,0.9829240526914944,2497000.0,0.0,3.0,5.0,8.0,0.25
APLI,2025-09-03,500.0,19600.0,,1.0,,,,,,,0,BQ,0.7460978147762747,94400.0,0.0,4.0,2.0,6.0,0.3333333333333333
APLN,2025-09-03,105.0,21012300.0,,1.0,,,,,,,1,XL,0.4471402197464753,354495100.0,-111823000.0,10.0,10.0,20.0,0.25
ARCI,2025-09-03,900.0,318259600.0,,1.0,,,,,,,0,CC,0.5983479566645055,13722808000.0,3301119000.0,10.0,10.0,20.0,0.3
AREA,2025-09-03,525.0,1231400.0,,1.0,,,,,,,0,YP,0.5779128982221692,213634500.0,-5076500.0,10.0,6.0,16.0,0.3125
ARGO,2025-09-03,1330.0,51400.0,,1.0,,,,,,,0,XC,0.5532910388580492,12168000.0,0.0,10.0,10.0,20.0,0.25
ARII,2025-09-03,260.0,328100.0,,1.0,,,,,,,1,KK,0.6463700234192038,6452800.0,-51200.0,10.0,6.0,16.0,0.3125
ARKA,2025-09-03,36.0,13547300.0,,1.0,,,,,,,1,XL,0.9808173305496414,157141200.0,2903600.0,8.0,10.0,18.0,0.2777777777777778
ARKO,2025-09-03,1345.0,1802700.0,,1.0,,,,,,,0,NI,0.7411318417122325,1466622500.0,281903500.0,10.0,10.0,20.0,0.2
ARMY,2025-09-03,,,,,,,,,,,0,,,,,,,,
ARNA,2025-09-03,565.0,3160000.0,,1.0,,,,,,,0,YB,0.6839136514100813,395500000.0,-3209000.0,10.0,4.0,14.0,0.3571428571428571
ARTA,2025-09-03,3270.0,5000.0,,1.0,,,,,,,0,CC,0.8595718840139669,3740000.0,0.0,3.0,4.0,7.0,0.5714285714285714
ARTI,2025-09-03,,,,,,,,,,,0,,,,,,,,
ARTO,2025-09-03,2190.0,4257800.0,,1.0,,,,,,,0,XL,0.5065536352011959,2473527000.0,-924611000.0,10.0,10.0,20.0,0.2
ASBI,2025-09-03,434.0,114000.0,,1.0,,,,,,,1,XC,0.7339405560882071,660600.0,0.0,6.0,2.0,8.0,0.5
ASDM,2025-09-03,540.0,1500.0,,1.0,,,,,,,0,XL,0.9511756392136708,6333000.0,0.0,4.0,4.0,8.0,0.5
ASGR,2025-09-03,1185.0,482700.0,,1.0,,,,,,,0,XC,0.4620531079723686,88027500.0,14375500.0,8.0,10.0,18.0,0.2777777777777778
ASHA,2025-09-03,39.0,3776000.0,,1.0,,,,,,,1,HD,0.5978743710895615,126738000.0,6195600.0,10.0,10.0,20.0,0.3
ASII,2025-09-03,5500.0,45471600.0,,1.0,,,,,,,0,YU,0.5755655413758641,15990822500.0,1348687500.0,10.0,10.0,20.0,0.2
ASJT,2025-09-03,111.0,375300.0,,1.0,,,,,,,1,CC,0.9165612846269476,2807400.0,0.0,8.0,4.0,12.0,0.4166666666666667
ASLC,2025-09-03,110.0,123504600.0,,1.0,,,,,,,1,MG,0.340586669955335,1039432000.0,-485135800.0,10.0,10.0,20.0,0.2
ASLI,2025-09-03,,,,,,,,,,,0,,,,,,,,
ASMI,2025-09-03,27.0,7727700.0,,1.0,,,,,,,1,YP,0.5719989303878403,12595800.0,-830000.0,10.0,5.0,15.0,0.3333333333333333
ASPI,2025-09-03,428.0,5659900.0,,1.0,,,,,,,1,YP,0.9149157833024354,31919200.0,0.0,6.0,9.0,15.0,0.3333333333333333
ASPR,2025-09-03,,,,,,,,,,,0,,,,,,,,
ASRI,2025-09-03,174.0,40257900.0,,1.0,,,,,,,1,AT,0.6200053251402754,1012140400.0,327609300.0,10.0,10.0,20.0,0.25
ASRM,2025-09-03,280.0,19700.0,,1.0,,,,,,,1,XL,0.633023623003583,1096000.0,0.0,6.0,3.0,9.0,0.4444444444444444
ASSA,2025-09-03,850.0,8847600.0,,1.0,,,,,,,0,YP,0.4796409395966322,613863500.0,-38926000.0,10.0,10.0,20.0,0.25
ATAP,2025-09-03,52.0,10440800.0,,1.0,,,,,,,1,YB,0.8197947469125065,20035500.0,17100.0,4.0,10.0,14.0,0.2857142857142857
ATIC,2025-09-03,444.0,719600.0,,1.0,,,,,,,1,CC,0.6658842324632843,46606400.0,-466600.0,10.0,10.0,20.0,0.2
ATLA,2025-09-03,65.0,217933100.0,,1.0,,,,,,,1,MG,0.3777875594022899,504582400.0,-364662100.0,10.0,10.0,20.0,0.25
AUTO,2025-09-03,2400.0,3302700.0,,1.0,,,,,,,0,NI,0.4376900926020202,641441000.0,-37496000.0,10.0,10.0,20.0,0.25
AVIA,2025-09-03,430.0,23783500.0,,1.0,,,,,,,1,BB,0.9003086119450232,8088361600.0,-98061400.0,10.0,10.0,20.0,0.2
AWAN,2025-09-03,256.0,19823700.0,,1.0,,,,,,,1,BK,0.7043160793858485,82222200.0,-1206200.0,10.0,7.0,17.0,0.2352941176470588
AXIO,2025-09-03,128.0,1577800.0,,1.0,,,,,,,1,YP,0.7074946124990024,51657000.0,-96900.0,10.0,10.0,20.0,0.25
AYAM,2025-09-03,171.0,107089000.0,,1.0,,,,,,,1,AG,0.8604662114763332,5156932900.0,-73483000.0,10.0,10.0,20.0,0.15
AYLS,2025-09-03,104.0,1687300.0,,1.0,,,,,,,1,XC,0.669244482582789,33750400.0,103000.0,9.0,10.0,19.0,0.2631578947368421
BABP,2025-09-03,60.0,40404600.0,,1.0,,,,,,,1,NI,0.5697744505580631,222661300.0,10669600.0,10.0,10.0,20.0,0.25
BABY,2025-09-03,318.0,8817800.0,,1.0,,,,,,,1,XL,0.624997084442325,27975000.0,-230400.0,10.0,7.0,17.0,0.2941176470588235
BACA,2025-09-03,137.0,2909400.0,,1.0,,,,,,,1,XL,0.4206435408231581,90976400.0,-32392300.0,10.0,6.0,16.0,0.3125
BAIK,2025-09-03,106.0,3714000.0,,1.0,,,,,,,1,XC,0.5125491206222366,16046800.0,-2070800.0,10.0,9.0,19.0,0.2631578947368421
BAJA,2025-09-03,123.0,2218000.0,,1.0,,,,,,,1,XC,0.3889579105642345,26646500.0,-162900.0,10.0,8.0,18.0,0.2777777777777778
BALI,2025-09-03,1475.0,791100.0,,1.0,,,,,,,0,CP,0.9752083743519064,282124500.0,3977000.0,9.0,10.0,19.0,0.2105263157894736
BANK,2025-09-03,815.0,7720600.0,,1.0,,,,,,,0,PO,0.6100677046768159,357750000.0,-23237000.0,10.0,10.0,20.0,0.2
BAPA,2025-09-03,68.0,75241800.0,,1.0,,,,,,,1,XL,0.7393391722786758,1170570600.0,4993500.0,10.0,10.0,20.0,0.25
BAPI,2025-09-03,22.0,18145000.0,,1.0,,,,,,,1,XL,0.6053494466950428,46210600.0,1021900.0,10.0,10.0,20.0,0.25
BATA,2025-09-03,51.0,183300.0,,1.0,,,,,,,1,SQ,0.7528878491007457,260000.0,0.0,4.0,4.0,8.0,0.5
BATR,2025-09-03,102.0,15573900.0,,1.0,,,,,,,1,YB,0.4513236279036977,19889000.0,19600.0,9.0,10.0,19.0,0.2631578947368421
BAUT,2025-09-03,38.0,37648500.0,,1.0,,,,,,,1,GR,0.816815468523439,336542700.0,13806000.0,7.0,10.0,17.0,0.2941176470588235
BAYU,2025-09-03,1325.0,316500.0,,1.0,,,,,,,0,YP,0.8573712387686453,589099500.0,0.0,9.0,4.0,13.0,0.3076923076923077
BBCA,2025-09-03,7975.0,212372700.0,,1.0,,,,,,,0,DX,0.373380967984009,116461407500.0,-107308290000.0,10.0,10.0,20.0,0.25
BBHI,2025-09-03,1605.0,1409300.0,,1.0,,,,,,,0,CP,0.7870003184378584,1354525500.0,296711500.0,10.0,10.0,20.0,0.25
BBKP,2025-09-03,80.0,164067000.0,,1.0,,,,,,,1,XC,0.513011204173661,1645740200.0,-420707400.0,10.0,10.0,20.0,0.25
BBLD,2025-09-03,905.0,12500.0,,1.0,,,,,,,0,YU,0.9543060825572036,32305000.0,0.0,9.0,7.0,16.0,0.25
BBMD,2025-09-03,2120.0,800.0,,1.0,,,,,,,0,OD,1.0,633000.0,0.0,1.0,2.0,3.0,0.6666666666666666
BBNI,2025-09-03,4410.0,29754100.0,,1.0,,,,,,,0,NI,0.7321501046028022,23716212000.0,158671000.0,10.0,10.0,20.0,0.2
BBRI,2025-09-03,4030.0,112507500.0,,1.0,,,,,,,0,OD,0.4501594292813615,42832904000.0,-18587760000.0,10.0,10.0,20.0,0.2
BBRM,2025-09-03,89.0,14428400.0,,1.0,,,,,,,1,XL,0.9268360833507904,223607600.0,10065600.0,10.0,10.0,20.0,0.25
BBSI,2025-09-03,4010.0,10400.0,,1.0,,,,,,,0,LG,1.0,87289000.0,0.0,2.0,5.0,7.0,0.4285714285714285
BBSS,2025-09-03,272.0,11400.0,,1.0,,,,,,,1,CC,0.8305037842624493,7343200.0,0.0,6.0,6.0,12.0,0.4166666666666667
BBTN,2025-09-03,1270.0,13531800.0,,1.0,,,,,,,0,KZ,0.5247935178307902,2693971000.0,-1952687500.0,10.0,10.0,20.0,0.25
BBYB,2025-09-03,326.0,66288200.0,,1.0,,,,,,,1,YP,0.4327253064667513,2481745000.0,-831977600.0,10.0,10.0,20.0,0.25
BCAP,2025-09-03,71.0,37693100.0,,1.0,,,,,,,1,CP,0.5768308203375263,381570700.0,46985100.0,10.0,10.0,20.0,0.25
BCIC,2025-09-03,,,,,,,,,,,0,,,,,,,,
BCIP,2025-09-03,93.0,3674500.0,,1.0,,,,,,,1,XL,0.6311271849590094,73806500.0,366300.0,10.0,10.0,20.0,0.25
BDKR,2025-09-03,158.0,36259500.0,,1.0,,,,,,,1,AK,0.4757813099418173,619598900.0,-76432900.0,10.0,10.0,20.0,0.25
BDMN,2025-09-03,2510.0,454900.0,,1.0,,,,,,,0,PD,0.4867731058221734,215982000.0,-23680000.0,10.0,10.0,20.0,0.25
BEBS,2025-09-03,,,,,,,,,,,0,,,,,,,,
BEEF,2025-09-03,318.0,17566100.0,,1.0,,,,,,,1,CP,0.7213814135475084,420107600.0,-7408200.0,10.0,10.0,20.0,0.25
BEER,2025-09-03,108.0,1527100.0,,1.0,,,,,,,1,MG,0.4570631810582381,14481000.0,28000.0,8.0,10.0,18.0,0.2777777777777778
BEKS,2025-09-03,25.0,338214200.0,,1.0,,,,,,,1,SQ,0.5950034742321151,1128578400.0,-186896700.0,10.0,5.0,15.0,0.3333333333333333
BELI,2025-09-03,364.0,541400.0,,1.0,,,,,,,1,NI,0.5451480153989114,4543200.0,0.0,9.0,5.0,14.0,0.3571428571428571
BELL,2025-09-03,70.0,652993500.0,,1.0,,,,,,,1,XL,0.5103703749432507,686318200.0,-112675800.0,10.0,10.0,20.0,0.25
BESS,2025-09-03,1030.0,95300.0,,1.0,,,,,,,0,XL,1.0,24980000.0,2109500.0,1.0,10.0,11.0,0.3636363636363636
BEST,2025-09-03,119.0,36106200.0,,1.0,,,,,,,1,PD,0.3988417447099907,310720600.0,-91966300.0,10.0,9.0,19.0,0.2631578947368421
BFIN,2025-09-03,755.0,17170500.0,,1.0,,,,,,,0,XL,0.4973052371095058,1068383500.0,-142115500.0,10.0,10.0,20.0,0.25
BGTG,2025-09-03,113.0,26959100.0,,1.0,,,,,,,1,KK,0.5067029486702838,323480400.0,-75667200.0,10.0,10.0,20.0,0.25
BHAT,2025-09-03,900.0,1564800.0,,1.0,,,,,,,0,BR,0.5260559817314134,216311500.0,-6494000.0,10.0,10.0,20.0,0.15
BHIT,2025-09-03,37.0,19572900.0,,1.0,,,,,,,1,CP,0.90571263676732,332958800.0,3047000.0,10.0,10.0,20.0,0.25
BIKA,2025-09-03,,,,,,,,,,,0,,,,,,,,
BIKE,2025-09-03,1000.0,9013600.0,,1.0,,,,,,,0,CP,0.4219642516820004,828857000.0,91211500.0,10.0,10.0,20.0,0.15
BIMA,2025-09-03,72.0,208200.0,,1.0,,,,,,,1,YP,0.8962656817915348,1683800.0,0.0,3.0,6.0,9.0,0.4444444444444444
BINA,2025-09-03,4410.0,5500.0,,1.0,,,,,,,0,RS,1.0,24255000.0,0.0,1.0,3.0,4.0,0.5
BINO,2025-09-03,121.0,1143300.0,,1.0,,,,,,,1,YP,0.8072058946136887,41131200.0,0.0,7.0,8.0,15.0,0.3333333333333333
BIPI,2025-09-03,81.0,121671900.0,,1.0,,,,,,,1,FS,0.7190470862134923,3815100000.0,-94339800.0,10.0,10.0,20.0,0.15
BIPP,2025-09-03,50.0,200200.0,,1.0,,,,,,,1,YP,0.9882626712119048,18365600.0,14600.0,3.0,10.0,13.0,0.3076923076923077
BIRD,2025-09-03,1795.0,1116100.0,,1.0,,,,,,,0,CC,0.4860322268665988,173443500.0,-17340500.0,10.0,10.0,20.0,0.25
BISI,2025-09-03,880.0,250600.0,,1.0,,,,,,,0,CC,0.7863603063603064,25225500.0,0.0,9.0,6.0,15.0,0.3333333333333333
BJBR,2025-09-03,775.0,5370400.0,,1.0,,,,,,,0,XL,0.3450376520823742,354770500.0,-560055500.0,10.0,6.0,16.0,0.3125
BJTM,2025-09-03,510.0,3422500.0,,1.0,,,,,,,0,KK,0.5505904105680236,381388000.0,-102407000.0,10.0,10.0,20.0,0.2
BKDP,2025-09-03,42.0,1821900.0,,1.0,,,,,,,1,YB,0.6314083080040527,16400000.0,-688000.0,10.0,3.0,13.0,0.3076923076923077
BKSL,2025-09-03,137.0,292411100.0,,1.0,,,,,,,1,AO,0.381087956807566,1801540000.0,-261059100.0,10.0,10.0,20.0,0.25
BKSW,2025-09-03,68.0,9454800.0,,1.0,,,,,,,1,XA,0.4003827974331198,12416800.0,-255500.0,10.0,10.0,20.0,0.25
BLES,2025-09-03,159.0,5710900.0,,1.0,,,,,,,1,CC,0.6721631792084595,66960700.0,8557100.0,10.0,10.0,20.0,0.15
BLOG,2025-09-03,,,,,,,,,,,0,,,,,,,,
BLTA,2025-09-03,44.0,24139400.0,,1.0,,,,,,,1,XL,0.5580470969180505,278584000.0,-11880000.0,10.0,10.0,20.0,0.25
BLTZ,2025-09-03,1800.0,200.0,,1.0,,,,,,,0,,,,,,,,
BLUE,2025-09-03,318.0,207300.0,,1.0,,,,,,,1,YB,0.926253081347576,20132000.0,0.0,6.0,4.0,10.0,0.5
BMAS,2025-09-03,720.0,24300.0,,1.0,,,,,,,0,CC,0.6130158880496295,15364000.0,-77000.0,10.0,4.0,14.0,0.3571428571428571
BMBL,2025-09-03,40.0,13531400.0,,1.0,,,,,,,1,XL,0.6431612361713273,82790600.0,2638000.0,10.0,10.0,20.0,0.25
BMHS,2025-09-03,187.0,1907100.0,,1.0,,,,,,,1,CC,0.6045121892475207,108026800.0,-1746400.0,10.0,7.0,17.0,0.2941176470588235
BMRI,2025-09-03,4620.0,131617900.0,,1.0,,,,,,,0,XL,0.320661141436699,46602544000.0,-122740512000.0,10.0,10.0,20.0,0.25
BMSR,2025-09-03,264.0,486100.0,,1.0,,,,,,,1,EP,0.5503797311308632,16434600.0,-1438200.0,10.0,3.0,13.0,0.3076923076923077
BMTR,2025-09-03,145.0,43667700.0,,1.0,,,,,,,1,YP,0.5957640932492934,338306600.0,67822300.0,10.0,10.0,20.0,0.25
BNBA,2025-09-03,760.0,360800.0,,1.0,,,,,,,0,YP,0.4566582713222667,109491000.0,-38456000.0,10.0,10.0,20.0,0.25
BNBR,2025-09-03,31.0,81157000.0,,1.0,,,,,,,1,YP,0.4005610974557499,242921700.0,-189480400.0,10.0,7.0,17.0,0.2352941176470588
BNGA,2025-09-03,1695.0,2888100.0,,1.0,,,,,,,0,BK,0.7141047515968627,4305632000.0,-445548000.0,10.0,9.0,19.0,0.2631578947368421
BNII,2025-09-03,212.0,293800.0,,1.0,,,,,,,1,MG,0.5920565379357611,21000000.0,0.0,9.0,10.0,19.0,0.2631578947368421
BNLI,2025-09-03,3140.0,241500.0,,1.0,,,,,,,0,CC,0.8842204404650509,78731000.0,0.0,10.0,9.0,19.0,0.2631578947368421
BOAT,2025-09-03,124.0,23343500.0,,1.0,,,,,,,1,IF,0.5299462767421508,233900700.0,56287300.0,10.0,10.0,20.0,0.3
BOBA,2025-09-03,181.0,135500.0,,1.0,,,,,,,1,DR,0.5828840827889474,1807600.0,0.0,10.0,5.0,15.0,0.2666666666666666
BOGA,2025-09-03,580.0,510700.0,,1.0,,,,,,,0,ZP,0.5286976129964619,53250000.0,4981000.0,10.0,10.0,20.0,0.1
BOLA,2025-09-03,194.0,775600.0,,1.0,,,,,,,1,RF,0.457402883833958,195448500.0,-48639700.0,10.0,9.0,19.0,0.2631578947368421
BOLT,2025-09-03,1075.0,100.0,,1.0,,,,,,,0,XL,1.0,1182500.0,0.0,2.0,1.0,3.0,0.6666666666666666
BOSS,2025-09-03,,,,,,,,,,,0,,,,,,,,
BPFI,2025-09-03,338.0,6400.0,,1.0,,,,,,,1,,,,,,,,
BPII,2025-09-03,565.0,322000.0,,1.0,,,,,,,0,SH,0.4505800606079158,13167500.0,-289000.0,10.0,6.0,16.0,0.1875
BPTR,2025-09-03,97.0,181200.0,,1.0,,,,,,,1,XL,1.0,18001000.0,46700.0,2.0,10.0,12.0,0.4166666666666667
BRAM,2025-09-03,5125.0,1400.0,,1.0,,,,,,,0,XL,0.8015488867376573,1045000.0,0.0,3.0,2.0,5.0,0.8
BREN,2025-09-03,8600.0,30961700.0,,1.0,,,,,,,0,XL,0.3557894450667621,19594965000.0,-22858740000.0,10.0,10.0,20.0,0.2
BRIS,2025-09-03,2720.0,5887800.0,,1.0,,,,,,,0,KZ,0.9321222791222866,11139752000.0,1420236000.0,10.0,10.0,20.0,0.2
BRMS,2025-09-03,520.0,1115637700.0,,1.0,,,,,,,0,AK,0.6943673113356387,143174191700.0,83400154200.0,10.0,10.0,20.0,0.3
BRNA,2025-09-03,740.0,109000.0,,1.0,,,,,,,0,SQ,0.6607517724878204,4924500.0,0.0,5.0,3.0,8.0,0.5
BRPT,2025-09-03,2200.0,76629900.0,,1.0,,,,,,,0,BB,0.6803749452175774,60978768000.0,22778164000.0,10.0,10.0,20.0,0.15
BRRC,2025-09-03,,,,,,,,,,,0,,,,,,,,
BSBK,2025-09-03,79.0,566541600.0,,1.0,,,,,,,1,YP,0.7144440091038697,3197287700.0,97557800.0,10.0,10.0,20.0,0.2
BSDE,2025-09-03,1145.0,37595800.0,,1.0,,,,,,,0,NI,0.5948562172406534,18139459500.0,6042435500.0,10.0,10.0,20.0,0.25
BSIM,2025-09-03,885.0,21500.0,,1.0,,,,,,,0,YP,0.6375589538373588,3559500.0,0.0,5.0,7.0,12.0,0.3333333333333333
BSML,2025-09-03,108.0,46578000.0,,1.0,,,,,,,1,BR,0.7493434142789759,940722000.0,3134800.0,10.0,10.0,20.0,0.3
BSSR,2025-09-03,3960.0,254900.0,,1.0,,,,,,,0,XL,0.7498288042110882,239843000.0,-1954000.0,10.0,10.0,20.0,0.2
BSWD,2025-09-03,1410.0,100.0,,1.0,,,,,,,0,XC,1.0,141000.0,0.0,1.0,1.0,2.0,0.5
BTEK,2025-09-03,15.0,415645100.0,,1.0,,,,,,,1,XL,0.7221542267514325,6071597700.0,-689883200.0,10.0,10.0,20.0,0.25
BTEL,2025-09-03,,,,,,,,,,,0,,,,,,,,
BTON,2025-09-03,370.0,16100.0,,1.0,,,,,,,1,XC,0.7655677655677655,265800.0,0.0,5.0,3.0,8.0,0.375
BTPN,2025-09-03,2130.0,20500.0,,1.0,,,,,,,0,XL,0.6445143948503926,10167000.0,0.0,8.0,9.0,17.0,0.2941176470588235
BTPS,2025-09-03,1450.0,6640300.0,,1.0,,,,,,,0,YU,0.5286590578092076,3141369000.0,1340488000.0,10.0,10.0,20.0,0.25
BUAH,2025-09-03,1435.0,315300.0,,1.0,,,,,,,0,XL,0.8039000181438691,170976000.0,-596500.0,10.0,8.0,18.0,0.2777777777777778
BUDI,2025-09-03,220.0,95200.0,,1.0,,,,,,,1,PD,0.6861214794706482,3504000.0,-42600.0,10.0,2.0,12.0,0.3333333333333333
BUKA,2025-09-03,174.0,181574000.0,,1.0,,,,,,,1,YU,0.6145776985332247,5993525600.0,1165743800.0,10.0,10.0,20.0,0.25
BUKK,2025-09-03,860.0,51900.0,,1.0,,,,,,,0,XL,0.9880169991407538,15072000.0,0.0,3.0,5.0,8.0,0.625
BULL,2025-09-03,154.0,410412400.0,,1.0,,,,,,,1,KI,0.8071841432384054,5296004300.0,-318366700.0,10.0,10.0,20.0,0.25
BUMI,2025-09-03,113.0,1028266600.0,,1.0,,,,,,,1,AK,0.7444112481483735,35033342700.0,10819476400.0,10.0,10.0,20.0,0.2
BUVA,2025-09-03,362.0,160389400.0,,1.0,,,,,,,1,YJ,0.4150475497425873,6195278000.0,3553959400.0,10.0,10.0,20.0,0.25
BVIC,2025-09-03,110.0,42137100.0,,1.0,,,,,,,1,XL,0.661874033474652,208486400.0,28458200.0,10.0,10.0,20.0,0.3
BWPT,2025-09-03,,,,,,,,,,,0,,,,,,,,
BYAN,2025-09-03,18150.0,7900.0,,1.0,,,,,,,0,OD,0.8646187233405672,256315000.0,0.0,6.0,9.0,15.0,0.3333333333333333
CAKK,2025-09-03,150.0,6931500.0,,1.0,,,,,,,1,AZ,0.9432720505379124,49993600.0,0.0,9.0,9.0,18.0,0.2777777777777778
CAMP,2025-09-03,214.0,1613900.0,,1.0,,,,,,,1,AH,0.5958497262262027,84208000.0,2770400.0,9.0,10.0,19.0,0.2631578947368421
CANI,2025-09-03,42.0,1560700.0,,1.0,,,,,,,1,SQ,1.0,123000.0,0.0,2.0,4.0,6.0,0.5
CARE,2025-09-03,300.0,19912200.0,,1.0,,,,,,,1,CC,0.3658041934540771,243770800.0,-26578200.0,10.0,10.0,20.0,0.2
CARS,2025-09-03,138.0,78359500.0,,1.0,,,,,,,1,CP,0.3805068694268854,657521400.0,-446451400.0,10.0,10.0,20.0,0.25
CASA,2025-09-03,1130.0,4407500.0,,1.0,,,,,,,0,PO,0.6942675306856528,1029385000.0,-2929500.0,10.0,10.0,20.0,0.1
CASH,2025-09-03,101.0,1744000.0,,1.0,,,,,,,1,LG,0.8807114777810828,102002500.0,30400.0,10.0,10.0,20.0,0.2
CASS,2025-09-03,2650.0,122300.0,,1.0,,,,,,,0,XL,0.779998921629418,44173000.0,0.0,9.0,7.0,16.0,0.3125
CBDK,2025-09-03,,,,,,,,,,,0,,,,,,,,
CBMF,2025-09-03,,,,,,,,,,,0,,,,,,,,
CBPE,2025-09-03,194.0,2984800.0,,1.0,,,,,,,1,XL,0.9775664766972532,3255900.0,0.0,5.0,5.0,10.0,0.5
CBRE,2025-09-03,290.0,16876100.0,,1.0,,,,,,,1,CP,0.795070606156253,932152800.0,39904000.0,6.0,10.0,16.0,0.3125
CBUT,2025-09-03,1585.0,41200.0,,1.0,,,,,,,0,XL,0.7777758169773162,88857000.0,-99500.0,10.0,10.0,20.0,0.25
CCSI,2025-09-03,370.0,1535800.0,,1.0,,,,,,,1,XL,0.8216187859325926,146579800.0,1966800.0,10.0,10.0,20.0,0.25
CDIA,2025-09-03,,,,,,,,,,,0,,,,,,,,
CEKA,2025-09-03,2690.0,9900.0,,1.0,,,,,,,0,CC,0.9058840572711688,31650000.0,0.0,4.0,5.0,9.0,0.5555555555555556
CENT,2025-09-03,125.0,85692100.0,,1.0,,,,,,,1,XL,0.4896219753009536,577323300.0,-31520500.0,10.0,10.0,20.0,0.25
CFIN,2025-09-03,314.0,1151800.0,,1.0,,,,,,,1,NI,0.4561052597147716,68986600.0,-19519200.0,10.0,7.0,17.0,0.2941176470588235
CGAS,2025-09-03,165.0,222840800.0,,1.0,,,,,,,1,OD,0.5250391686399035,280821700.0,-36731600.0,10.0,10.0,20.0,0.2
CHEK,2025-09-03,,,,,,,,,,,0,,,,,,,,
CHEM,2025-09-03,99.0,58854500.0,,1.0,,,,,,,1,XL,0.7455861472421157,1608610200.0,-168380200.0,10.0,10.0,20.0,0.25
CHIP,2025-09-03,1375.0,74700.0,,1.0,,,,,,,0,CC,0.6414346661684106,27610500.0,0.0,5.0,7.0,12.0,0.3333333333333333
CINT,2025-09-03,163.0,1021800.0,,1.0,,,,,,,1,YP,0.5597386792281471,5626500.0,-250800.0,10.0,5.0,15.0,0.2666666666666666
CITA,2025-09-03,4130.0,297900.0,,1.0,,,,,,,0,CC,0.6964620448666823,403158000.0,1228000.0,8.0,10.0,18.0,0.3333333333333333
CITY,2025-09-03,103.0,2258200.0,,1.0,,,,,,,1,PD,0.5521855730719021,31257100.0,-857900.0,10.0,9.0,19.0,0.3157894736842105
CLAY,2025-09-03,1500.0,32400.0,,1.0,,,,,,,0,SH,0.5363108004651896,119812000.0,-3500.0,10.0,7.0,17.0,0.2352941176470588
CLEO,2025-09-03,555.0,8922800.0,,1.0,,,,,,,0,SQ,0.5032868540664536,732792000.0,-137025000.0,10.0,10.0,20.0,0.2
CLPI,2025-09-03,1235.0,82400.0,,1.0,,,,,,,0,XL,0.820491029272899,74854500.0,0.0,9.0,6.0,15.0,0.3333333333333333
CMNP,2025-09-03,1350.0,60700.0,,1.0,,,,,,,0,RG,0.4023634497073788,40912500.0,270500.0,10.0,10.0,20.0,0.3
CMNT,2025-09-03,850.0,67396800.0,,1.0,,,,,,,0,CC,0.5207210340305231,1562602500.0,236260500.0,10.0,10.0,20.0,0.1
CMPP,2025-09-03,93.0,447300.0,,1.0,,,,,,,1,GR,0.9070276442879572,8694100.0,0.0,5.0,8.0,13.0,0.3076923076923077
CMRY,2025-09-03,4950.0,926200.0,,1.0,,,,,,,0,OD,0.9438437178915629,16855356000.0,-103158000.0,10.0,10.0,20.0,0.25
CNKO,2025-09-03,100.0,28658100.0,,1.0,,,,,,,1,XL,0.4932958182114745,1023487700.0,-68259400.0,10.0,10.0,20.0,0.3
CNMA,2025-09-03,133.0,22243200.0,,1.0,,,,,,,1,XL,0.5743737942835367,701133700.0,-47422500.0,10.0,10.0,20.0,0.25
CNTX,2025-09-03,,,,,,,,,,,0,,,,,,,,
COAL,2025-09-03,55.0,30836300.0,,1.0,,,,,,,1,RG,0.6772466363594618,610649700.0,82501400.0,10.0,10.0,20.0,0.2
COCO,2025-09-03,670.0,25948400.0,,1.0,,,,,,,0,XL,0.660111943318711,1784920500.0,46972000.0,10.0,10.0,20.0,0.2
COIN,2025-09-03,,,,,,,,,,,0,,,,,,,,
COWL,2025-09-03,,,,,,,,,,,0,,,,,,,,
CPIN,2025-09-03,4430.0,7162200.0,,1.0,,,,,,,0,BK,0.7744298699029117,6796073000.0,-991823000.0,10.0,10.0,20.0,0.25
CPRI,2025-09-03,,,,,,,,,,,0,,,,,,,,
CPRO,2025-09-03,59.0,648779200.0,,1.0,,,,,,,1,XL,0.5234148633828181,3336740400.0,-2003687300.0,10.0,10.0,20.0,0.25
CRAB,2025-09-03,240.0,1604400.0,,1.0,,,,,,,1,OD,1.0,42407800.0,0.0,2.0,7.0,9.0,0.5555555555555556
CRSN,2025-09-03,115.0,684800.0,,1.0,,,,,,,1,GR,0.3774270769494934,21090000.0,-1967500.0,10.0,4.0,14.0,0.2857142857142857
CSAP,2025-09-03,292.0,127400.0,,1.0,,,,,,,1,SQ,0.7059773116697796,15288600.0,0.0,6.0,8.0,14.0,0.3571428571428571
CSIS,2025-09-03,119.0,1102000.0,,1.0,,,,,,,1,AI,0.8385585215371356,46893200.0,-60000.0,10.0,7.0,17.0,0.2941176470588235
CSMI,2025-09-03,412.0,742700.0,,1.0,,,,,,,1,XL,0.7778210116731518,58138000.0,0.0,6.0,10.0,16.0,0.3125
CSRA,2025-09-03,835.0,1671500.0,,1.0,,,,,,,0,NI,0.8294026514803589,256571500.0,859000.0,10.0,10.0,20.0,0.25
CTBN,2025-09-03,5125.0,100.0,,1.0,,,,,,,0,CC,1.0,6662500.0,0.0,1.0,3.0,4.0,0.25
CTRA,2025-09-03,990.0,39324000.0,,1.0,,,,,,,0,YU,0.4874334594201879,6415806000.0,-3110430500.0,10.0,10.0,20.0,0.2
CTTH,2025-09-03,42.0,75400.0,,1.0,,,,,,,1,XL,0.9416243654822336,1812200.0,0.0,5.0,6.0,11.0,0.3636363636363636
CUAN,2025-09-03,1520.0,57669600.0,,1.0,,,,,,,0,XL,0.3894104458467132,8335146500.0,-4964407500.0,10.0,10.0,20.0,0.2
CYBR,2025-09-03,950.0,18991100.0,,1.0,,,,,,,0,AK,0.7505019966506288,1393466000.0,76909500.0,10.0,10.0,20.0,0.25
DAAZ,2025-09-03,3150.0,199700.0,,1.0,,,,,,,0,XL,0.5547246793490961,381397000.0,34296000.0,10.0,10.0,20.0,0.25
DADA,2025-09-03,39.0,6132900.0,,1.0,,,,,,,1,,0.8631648642683735,38624400.0,1321200.0,5.0,10.0,15.0,0.3333333333333333
DART,2025-09-03,163.0,1002500.0,,1.0,,,,,,,1,YP,0.9237257783083846,17346700.0,27700.0,6.0,10.0,16.0,0.3125
DATA,2025-09-03,4560.0,46708900.0,,1.0,,,,,,,0,,,,,,,,
DAYA,2025-09-03,1015.0,4600.0,,1.0,,,,,,,0,XC,1.0,102000.0,0.0,1.0,1.0,2.0,0.0
DCII,2025-09-03,327700.0,7300.0,,1.0,,,,,,,0,AZ,0.5269118198275793,231235000.0,0.0,9.0,5.0,14.0,0.2142857142857142
DEAL,2025-09-03,,,,,,,,,,,0,,,,,,,,
DEFI,2025-09-03,386.0,261300.0,,1.0,,,,,,,1,SQ,0.7895261845386534,42800000.0,0.0,9.0,1.0,10.0,0.4
DEPO,2025-09-03,198.0,159600.0,,1.0,,,,,,,1,PD,0.5667605687693404,20286000.0,-549200.0,10.0,4.0,14.0,0.4285714285714285
DEWA,2025-09-03,226.0,251538400.0,,1.0,,,,,,,1,AK,0.5174766998516191,7142366400.0,-226587800.0,10.0,10.0,20.0,0.25
DEWI,2025-09-03,110.0,51355800.0,,1.0,,,,,,,1,BR,0.7478178635226812,1421268200.0,-7391500.0,10.0,10.0,20.0,0.25
DFAM,2025-09-03,86.0,69790600.0,,1.0,,,,,,,1,PD,0.4532851713419284,98809600.0,-29362500.0,10.0,10.0,20.0,0.1
DGIK,2025-09-03,99.0,23538000.0,,1.0,,,,,,,1,YP,0.3946093190328044,36320800.0,-2274600.0,10.0,10.0,20.0,0.2
DGNS,2025-09-03,146.0,938800.0,,1.0,,,,,,,1,CC,0.6484125100211845,63041600.0,-3319700.0,10.0,8.0,18.0,0.2777777777777778
DGWG,2025-09-03,,,,,,,,,,,0,,,,,,,,
DIGI,2025-09-03,34.0,913700.0,,1.0,,,,,,,1,XL,0.5123413439303883,6199100.0,-10200.0,10.0,6.0,16.0,0.375
DILD,2025-09-03,138.0,7271000.0,,1.0,,,,,,,1,SQ,0.6137031996758013,344190400.0,69503200.0,10.0,10.0,20.0,0.25
DIVA,2025-09-03,133.0,12672000.0,,1.0,,,,,,,1,YP,0.897846050953498,103985900.0,3221800.0,8.0,10.0,18.0,0.2777777777777778
DKFT,2025-09-03,780.0,78690800.0,,1.0,,,,,,,0,SQ,0.5415486180758577,5958894000.0,-1538748500.0,10.0,10.0,20.0,0.25
DKHH,2025-09-03,,,,,,,,,,,0,,,,,,,,
DLTA,2025-09-03,1975.0,61800.0,,1.0,,,,,,,0,PD,0.593120289186279,24380500.0,-175500.0,10.0,6.0,16.0,0.3125
DMAS,2025-09-03,138.0,24869500.0,,1.0,,,,,,,1,CC,0.5923213739984287,692447200.0,-159408900.0,10.0,10.0,20.0,0.25
DMMX,2025-09-03,334.0,1562000.0,,1.0,,,,,,,1,CC,0.4988673577288767,58126600.0,-4051800.0,10.0,10.0,20.0,0.25
DMND,2025-09-03,575.0,48900.0,,1.0,,,,,,,0,XL,0.6193560115436181,7697500.0,0.0,5.0,8.0,13.0,0.3846153846153846
DNAR,2025-09-03,122.0,7516500.0,,1.0,,,,,,,1,CC,0.5933788461922415,152100900.0,17509100.0,10.0,10.0,20.0,0.25
DNET,2025-09-03,9200.0,53600.0,,1.0,,,,,,,0,CC,0.529302051634436,51510000.0,-935000.0,10.0,8.0,18.0,0.2777777777777778
DOID,2025-09-03,370.0,65949500.0,,1.0,,,,,,,1,YP,0.3962182308763733,412228400.0,-363314800.0,10.0,9.0,19.0,0.3157894736842105
DOOH,2025-09-03,142.0,71635500.0,,1.0,,,,,,,1,XL,0.5884828118727661,1496501400.0,-747342300.0,10.0,10.0,20.0,0.25
DOSS,2025-09-03,142.0,1602900.0,,1.0,,,,,,,1,XC,0.6418927469552124,46511900.0,351100.0,10.0,10.0,20.0,0.2
DPNS,2025-09-03,260.0,44800.0,,1.0,,,,,,,1,XL,0.9295270978482028,2590600.0,0.0,4.0,4.0,8.0,0.375
DPUM,2025-09-03,66.0,9104700.0,,1.0,,,,,,,1,XL,0.6922120119539441,50177800.0,-1773600.0,10.0,10.0,20.0,0.25
DRMA,2025-09-03,1010.0,532500.0,,1.0,,,,,,,0,CC,0.8446992945265466,297001500.0,25106500.0,10.0,10.0,20.0,0.2
DSFI,2025-09-03,82.0,2679800.0,,1.0,,,,,,,1,XL,0.4928326896602137,43661200.0,1714900.0,10.0,10.0,20.0,0.25
DSNG,2025-09-03,1680.0,46304700.0,,1.0,,,,,,,0,BK,0.5646283642550123,2638835000.0,1096388000.0,10.0,10.0,20.0,0.2
DSSA,2025-09-03,109800.0,6894300.0,,1.0,,,,,,,0,AK,0.7858042748094795,69873377500.0,914502500.0,10.0,10.0,20.0,0.2
DUCK,2025-09-03,,,,,,,,,,,0,,,,,,,,
DUTI,2025-09-03,4500.0,83900.0,,1.0,,,,,,,0,HP,0.5370006076648162,29463000.0,0.0,8.0,10.0,18.0,0.2777777777777778
DVLA,2025-09-03,1595.0,743300.0,,1.0,,,,,,,0,KK,0.747598320052867,79514000.0,-160000.0,10.0,4.0,14.0,0.3571428571428571
DWGL,2025-09-03,230.0,117400.0,,1.0,,,,,,,1,XL,0.944587168260209,10232600.0,0.0,5.0,9.0,14.0,0.3571428571428571
DYAN,2025-09-03,89.0,2368000.0,,1.0,,,,,,,1,OK,0.9058849714266938,327869900.0,12974700.0,10.0,10.0,20.0,0.25
EAST,2025-09-03,96.0,11057500.0,,1.0,,,,,,,1,XL,0.707132987147373,36477800.0,-558800.0,10.0,5.0,15.0,0.2666666666666666
ECII,2025-09-03,190.0,1840900.0,,1.0,,,,,,,1,BQ,0.4945004689884316,7382000.0,-147200.0,10.0,9.0,19.0,0.2631578947368421
EDGE,2025-09-03,4260.0,20100.0,,1.0,,,,,,,0,XC,0.9953230728406528,88724000.0,445000.0,3.0,10.0,13.0,0.3846153846153846
EKAD,2025-09-03,188.0,20300.0,,1.0,,,,,,,1,SQ,0.7155679190665549,6242400.0,0.0,9.0,5.0,14.0,0.3571428571428571
ELIT,2025-09-03,191.0,9392500.0,,1.0,,,,,,,1,XL,0.4719827295440204,182431400.0,-4000000.0,10.0,10.0,20.0,0.25
ELPI,2025-09-03,384.0,2877200.0,,1.0,,,,,,,1,GR,0.7880490607989049,136073400.0,10542200.0,10.0,10.0,20.0,0.25
ELSA,2025-09-03,500.0,18836300.0,,1.0,,,,,,,0,MG,0.7147354608441064,1503076000.0,295847800.0,10.0,10.0,20.0,0.25
ELTY,2025-09-03,18.0,160423800.0,,1.0,,,,,,,1,DR,0.5502523964741447,728158200.0,-99558200.0,10.0,10.0,20.0,0.2
EMDE,2025-09-03,99.0,1574000.0,,1.0,,,,,,,1,NI,0.7459676660809891,30346200.0,-192100.0,10.0,8.0,18.0,0.2777777777777778
EMTK,2025-09-03,1340.0,124195700.0,,1.0,,,,,,,0,HP,0.5110332248448574,23452215500.0,-3279307500.0,10.0,10.0,20.0,0.15
ENAK,2025-09-03,705.0,813400.0,,1.0,,,,,,,0,RG,0.5416860067343681,104595000.0,17146500.0,10.0,10.0,20.0,0.1
ENRG,2025-09-03,640.0,240813900.0,,1.0,,,,,,,0,BK,0.5901396819225688,15248283500.0,8577652000.0,10.0,10.0,20.0,0.15
ENVY,2025-09-03,,,,,,,,,,,0,,,,,,,,
ENZO,2025-09-03,40.0,343600.0,,1.0,,,,,,,1,XL,0.9634376715307134,9926200.0,0.0,6.0,4.0,10.0,0.4
EPAC,2025-09-03,40.0,18806200.0,,1.0,,,,,,,1,OD,0.5258634801113112,52800000.0,60000.0,8.0,10.0,18.0,0.2777777777777778
EPMT,2025-09-03,2310.0,6500.0,,1.0,,,,,,,0,PD,0.9378013777267508,74912000.0,0.0,5.0,4.0,9.0,0.5555555555555556
ERAA,2025-09-03,442.0,71497000.0,,1.0,,,,,,,1,XL,0.4884781928011663,3680320000.0,-2215676600.0,10.0,10.0,20.0,0.25
ERAL,2025-09-03,324.0,8545800.0,,1.0,,,,,,,1,DH,0.717822241512847,983706800.0,2906800.0,10.0,10.0,20.0,0.25
ERTX,2025-09-03,120.0,1804900.0,,1.0,,,,,,,1,CP,0.6565006244267957,37887500.0,-64300.0,10.0,8.0,18.0,0.2777777777777778
ESIP,2025-09-03,49.0,1012100.0,,1.0,,,,,,,1,YP,0.6307135786654244,12331000.0,-86400.0,10.0,6.0,16.0,0.375
ESSA,2025-09-03,590.0,35664700.0,,1.0,,,,,,,0,AI,0.6754937881862447,2006750000.0,650279000.0,10.0,10.0,20.0,0.2
ESTA,2025-09-03,71.0,37244500.0,,1.0,,,,,,,1,XL,0.5478908356938107,13849100.0,-546100.0,10.0,3.0,13.0,0.3846153846153846
ESTI,2025-09-03,54.0,1887600.0,,1.0,,,,,,,1,XL,0.8551016390613286,58318100.0,0.0,8.0,9.0,17.0,0.2941176470588235
ETWA,2025-09-03,,,,,,,,,,,0,,,,,,,,
EURO,2025-09-03,252.0,762900.0,,1.0,,,,,,,1,II,1.0,68683600.0,0.0,2.0,9.0,11.0,0.3636363636363636
EXCL,2025-09-03,2750.0,2578800.0,,1.0,,,,,,,0,SS,0.3647711231240191,3609000000.0,1159458000.0,10.0,10.0,20.0,0.25
FAPA,2025-09-03,5950.0,11200.0,,1.0,,,,,,,0,SQ,0.9711669347852988,50155000.0,0.0,3.0,4.0,7.0,0.5714285714285714
FAST,2025-09-03,330.0,2034400.0,,1.0,,,,,,,1,CC,0.4497498471527353,66866000.0,4561600.0,10.0,10.0,20.0,0.25
FASW,2025-09-03,,,,,,,,,,,0,,,,,,,,
FILM,2025-09-03,3310.0,7622600.0,,1.0,,,,,,,0,IF,0.4536713928140684,1482899000.0,-696657000.0,10.0,10.0,20.0,0.3
FIMP,2025-09-03,,,,,,,,,,,0,,,,,,,,
FIRE,2025-09-03,78.0,26888300.0,,1.0,,,,,,,1,XL,0.4842691158428486,153823800.0,-76014400.0,10.0,9.0,19.0,0.2105263157894736
FISH,2025-09-03,,,,,,,,,,,0,,,,,,,,
FITT,2025-09-03,376.0,3661300.0,,1.0,,,,,,,1,AK,0.7004539355217988,77832600.0,276800.0,10.0,10.0,20.0,0.25
FLMC,2025-09-03,195.0,2984800.0,,1.0,,,,,,,1,,,,,,,,
FMII,2025-09-03,360.0,6100.0,,1.0,,,,,,,1,XC,0.9189390371731964,6300200.0,0.0,4.0,5.0,9.0,0.5555555555555556
FOLK,2025-09-03,79.0,876800.0,,1.0,,,,,,,1,YP,0.8263500655974092,17386300.0,0.0,7.0,6.0,13.0,0.3846153846153846
FOOD,2025-09-03,118.0,53000.0,,1.0,,,,,,,1,PD,0.9721343295487782,2478000.0,0.0,4.0,8.0,12.0,0.4166666666666667
FORE,2025-09-03,,,,,,,,,,,0,,,,,,,,
FORU,2025-09-03,1170.0,240300.0,,1.0,,,,,,,0,XL,0.6306644022864717,18608500.0,0.0,7.0,10.0,17.0,0.2941176470588235
FPNI,2025-09-03,192.0,790100.0,,1.0,,,,,,,1,XA,0.6002111208773434,18583900.0,0.0,10.0,8.0,18.0,0.2777777777777778
FUJI,2025-09-03,450.0,636400.0,,1.0,,,,,,,1,DR,0.3622871881668786,39409900.0,-20780200.0,10.0,10.0,20.0,0.25
FUTR,2025-09-03,266.0,42963400.0,,1.0,,,,,,,1,YJ,0.3425264936488022,2352855200.0,-1475429600.0,10.0,10.0,20.0,0.25
FWCT,2025-09-03,160.0,4867300.0,,1.0,,,,,,,1,CC,0.8821319283276046,861354400.0,54273300.0,10.0,10.0,20.0,0.25
GAMA,2025-09-03,,,,,,,,,,,0,,,,,,,,
GDST,2025-09-03,109.0,683700.0,,1.0,,,,,,,1,CC,0.5061908376752585,18070800.0,-330800.0,10.0,6.0,16.0,0.3125
GDYR,2025-09-03,1190.0,1300.0,,1.0,,,,,,,0,XC,0.5870331219168429,598000.0,0.0,7.0,5.0,12.0,0.4166666666666667
GEMA,2025-09-03,117.0,6232700.0,,1.0,,,,,,,1,CC,0.4760273023160393,59737100.0,-2624300.0,10.0,10.0,20.0,0.25
GEMS,2025-09-03,9200.0,477300.0,,1.0,,,,,,,0,CC,0.9253806594736312,160215000.0,0.0,6.0,10.0,16.0,0.3125
GGRM,2025-09-03,8575.0,783500.0,,1.0,,,,,,,0,ES,0.8284805494891756,1422960000.0,122105000.0,10.0,10.0,20.0,0.15
GGRP,2025-09-03,224.0,886900.0,,1.0,,,,,,,1,EP,0.6274977817615529,68580000.0,-2956200.0,10.0,9.0,19.0,0.2631578947368421
GHON,2025-09-03,1685.0,1000.0,,1.0,,,,,,,0,XC,0.9344434246754948,4407000.0,0.0,4.0,3.0,7.0,0.5714285714285714
GIAA,2025-09-03,66.0,18887100.0,,1.0,,,,,,,1,OD,0.763837035670046,455271000.0,-32957800.0,10.0,10.0,20.0,0.25
GJTL,2025-09-03,1030.0,4269800.0,,1.0,,,,,,,0,PD,0.547283374505944,527325500.0,91247500.0,10.0,10.0,20.0,0.25
GLOB,2025-09-03,57.0,29900.0,,1.0,,,,,,,1,XL,0.7983539094650206,589600.0,0.0,4.0,4.0,8.0,0.5
GLVA,2025-09-03,328.0,9800.0,,1.0,,,,,,,1,YP,0.8666085440278989,132800.0,0.0,4.0,3.0,7.0,0.5714285714285714
GMFI,2025-09-03,63.0,2155400.0,,1.0,,,,,,,1,DR,0.6384137081978051,16640000.0,0.0,6.0,5.0,11.0,0.4545454545454545
GMTD,2025-09-03,2260.0,600.0,,1.0,,,,,,,0,CC,1.0,1998000.0,0.0,2.0,2.0,4.0,0.5
GOLD,2025-09-03,258.0,22500.0,,1.0,,,,,,,1,XL,0.8128981284874821,2244400.0,0.0,7.0,6.0,13.0,0.2307692307692307
GOLF,2025-09-03,222.0,3240400.0,,1.0,,,,,,,1,CC,0.6321243718611905,140449400.0,-30421000.0,10.0,10.0,20.0,0.2
GOLL,2025-09-03,,,,,,,,,,,0,,,,,,,,
GOOD,2025-09-03,370.0,145700.0,,1.0,,,,,,,1,IH,0.6403314128835774,37499000.0,-258800.0,10.0,8.0,18.0,0.2222222222222222
GOTO,2025-09-03,58.0,1273540500.0,,1.0,,,,,,,1,RX,0.450701512101424,6370998100.0,-6489577700.0,10.0,10.0,20.0,0.1
GPRA,2025-09-03,132.0,120691800.0,,1.0,,,,,,,1,XL,0.3606440442209027,992425800.0,-708058700.0,10.0,9.0,19.0,0.2105263157894736
GPSO,2025-09-03,280.0,6349100.0,,1.0,,,,,,,1,YP,0.4444593213769776,120471800.0,-34799800.0,10.0,10.0,20.0,0.25
GRIA,2025-09-03,120.0,60051800.0,,1.0,,,,,,,1,CP,0.4783977234435019,40318000.0,-3313800.0,10.0,7.0,17.0,0.2941176470588235
GRPH,2025-09-03,79.0,462681400.0,,1.0,,,,,,,1,YP,0.6091832494932393,2615228700.0,152670500.0,10.0,10.0,20.0,0.25
GRPM,2025-09-03,55.0,3940200.0,,1.0,,,,,,,1,XC,0.677338606148709,31146900.0,-1082700.0,10.0,10.0,20.0,0.25
GSMF,2025-09-03,117.0,30464000.0,,1.0,,,,,,,1,XL,0.7325526943808305,296671600.0,15197300.0,10.0,10.0,20.0,0.25
GTBO,2025-09-03,196.0,229800.0,,1.0,,,,,,,1,EP,0.777572108849771,20678400.0,0.0,10.0,9.0,19.0,0.2631578947368421
GTRA,2025-09-03,141.0,1009000.0,,1.0,,,,,,,1,XL,0.4990668480250166,5581300.0,0.0,6.0,5.0,11.0,0.4545454545454545
GTSI,2025-09-03,94.0,167987500.0,,1.0,,,,,,,1,GR,0.5254767295897526,1940476600.0,144011500.0,10.0,10.0,20.0,0.15
GULA,2025-09-03,336.0,1618500.0,,1.0,,,,,,,1,XA,0.6230044801473373,57656400.0,-429000.0,10.0,10.0,20.0,0.3
GUNA,2025-09-03,238.0,204400.0,,1.0,,,,,,,1,CC,0.9275877296157354,29886200.0,0.0,7.0,8.0,15.0,0.3333333333333333
GWSA,2025-09-03,154.0,883900.0,,1.0,,,,,,,1,CC,0.997533316248078,10973600.0,0.0,3.0,9.0,12.0,0.3333333333333333
GZCO,2025-09-03,216.0,351093300.0,,1.0,,,,,,,1,MG,0.8633152493255987,15575476000.0,5079968600.0,10.0,10.0,20.0,0.25
HADE,2025-09-03,30.0,870700.0,,1.0,,,,,,,1,CP,0.9953622747662132,261455600.0,3066000.0,3.0,10.0,13.0,0.1538461538461538
HAIS,2025-09-03,194.0,3284500.0,,1.0,,,,,,,1,SA,0.6808965943857339,98140500.0,-173700.0,10.0,8.0,18.0,0.2777777777777778
HAJJ,2025-09-03,124.0,7939300.0,,1.0,,,,,,,1,YP,0.4331989534058899,155398900.0,-13080200.0,10.0,10.0,20.0,0.2
HALO,2025-09-03,88.0,3394200.0,,1.0,,,,,,,1,KK,0.4978605435613383,45040800.0,-575400.0,10.0,10.0,20.0,0.25
HATM,2025-09-03,258.0,22161500.0,,1.0,,,,,,,1,XA,0.8071889199340241,2189077000.0,-29691000.0,10.0,10.0,20.0,0.25
HBAT,2025-09-03,151.0,6732100.0,,1.0,,,,,,,1,,,,,,,,
HDFA,2025-09-03,125.0,301300.0,,1.0,,,,,,,1,YP,1.0,22451300.0,63600.0,2.0,10.0,12.0,0.3333333333333333
HDIT,2025-09-03,61.0,15898900.0,,1.0,,,,,,,1,XL,0.6524034206596987,312252400.0,2114900.0,10.0,10.0,20.0,0.3
HEAL,2025-09-03,1605.0,6984800.0,,1.0,,,,,,,0,PD,0.5689845569030882,4630211500.0,-1052546500.0,10.0,9.0,19.0,0.1578947368421052
HELI,2025-09-03,254.0,335400.0,,1.0,,,,,,,1,EP,0.9655412663364564,65206000.0,0.0,7.0,8.0,15.0,0.3333333333333333
HERO,2025-09-03,392.0,20200.0,,1.0,,,,,,,1,CP,0.7147032574743418,3880000.0,0.0,6.0,5.0,11.0,0.3636363636363636
HEXA,2025-09-03,5550.0,194300.0,,1.0,,,,,,,0,XL,0.5743543911819674,615550000.0,-67495000.0,10.0,8.0,18.0,0.2777777777777778
HGII,2025-09-03,,,,,,,,,,,0,,,,,,,,
HILL,2025-09-03,208.0,8352600.0,,1.0,,,,,,,1,CP,0.8984962146925751,798274000.0,-10211400.0,10.0,10.0,20.0,0.25
HITS,2025-09-03,,,,,,,,,,,0,,,,,,,,
HKMU,2025-09-03,,,,,,,,,,,0,,,,,,,,
HMSP,2025-09-03,535.0,14649400.0,,1.0,,,,,,,0,YJ,0.3481180487672066,380572500.0,-222435000.0,10.0,10.0,20.0,0.3
HOKI,2025-09-03,80.0,36264300.0,,1.0,,,,,,,1,XL,0.5366181666082004,747641800.0,-381433700.0,10.0,9.0,19.0,0.2631578947368421
HOME,2025-09-03,,,,,,,,,,,0,,,,,,,,
HOMI,2025-09-03,210.0,169700.0,,1.0,,,,,,,1,YP,0.9983726213686092,12235300.0,0.0,3.0,7.0,10.0,0.5
HOPE,2025-09-03,148.0,5217000.0,,1.0,,,,,,,1,MG,0.3679336857615732,381874500.0,191295000.0,10.0,10.0,20.0,0.15
HOTL,2025-09-03,,,,,,,,,,,0,,,,,,,,
HRME,2025-09-03,36.0,4536700.0,,1.0,,,,,,,1,YP,0.720233765582282,51720900.0,-29700.0,10.0,1.0,11.0,0.4545454545454545
HRTA,2025-09-03,910.0,285079800.0,,1.0,,,,,,,0,XL,0.5616879162583198,3302861000.0,575111500.0,10.0,10.0,20.0,0.25
HRUM,2025-09-03,1075.0,315481000.0,,1.0,,,,,,,0,TP,0.6248943785354081,3355848500.0,388215500.0,10.0,10.0,20.0,0.25
HUMI,2025-09-03,166.0,468930800.0,,1.0,,,,,,,1,XL,0.4739269457253949,2987561200.0,29945100.0,10.0,10.0,20.0,0.25
HYGN,2025-09-03,157.0,2350900.0,,1.0,,,,,,,1,BR,0.6518787571657794,59229200.0,0.0,9.0,7.0,16.0,0.3125
IATA,2025-09-03,60.0,28319900.0,,1.0,,,,,,,1,XL,0.8932847602397818,68369000.0,-37200.0,10.0,8.0,18.0,0.2777777777777778
IBFN,2025-09-03,30.0,340500.0,,1.0,,,,,,,1,CP,0.7351970047790393,18000000.0,0.0,9.0,8.0,17.0,0.2941176470588235
IBOS,2025-09-03,40.0,19284100.0,,1.0,,,,,,,1,XL,0.5340826512761963,165980000.0,-65738800.0,10.0,7.0,17.0,0.2941176470588235
IBST,2025-09-03,6625.0,10500.0,,1.0,,,,,,,0,XL,0.9545454545454546,13965000.0,0.0,3.0,2.0,5.0,0.4
ICBP,2025-09-03,9300.0,2439300.0,,1.0,,,,,,,0,KZ,0.5808728418762793,5327215000.0,-253327500.0,10.0,10.0,20.0,0.25
ICON,2025-09-03,52.0,1915900.0,,1.0,,,,,,,1,CC,0.9234743077558892,30222600.0,25000.0,7.0,10.0,17.0,0.2941176470588235
IDEA,2025-09-03,93.0,12414800.0,,1.0,,,,,,,1,IU,0.514367755209581,211750000.0,-7577500.0,10.0,10.0,20.0,0.25
IDPR,2025-09-03,246.0,872300.0,,1.0,,,,,,,1,OD,0.709429224479284,5124800.0,0.0,6.0,7.0,13.0,0.3846153846153846
IFII,2025-09-03,244.0,760600.0,,1.0,,,,,,,1,OD,0.7040921169176262,32416800.0,23600.0,9.0,10.0,19.0,0.2631578947368421
IFSH,2025-09-03,785.0,131900.0,,1.0,,,,,,,0,XL,0.974010632014176,11104500.0,0.0,4.0,6.0,10.0,0.4
IGAR,2025-09-03,525.0,36200.0,,1.0,,,,,,,0,PD,0.9272471250880076,1455500.0,0.0,4.0,4.0,8.0,0.375
IIKP,2025-09-03,,,,,,,,,,,0,,,,,,,,
IKAI,2025-09-03,20.0,5131300.0,,1.0,,,,,,,1,OD,0.5486870055105748,35328600.0,0.0,10.0,10.0,20.0,0.25
IKAN,2025-09-03,136.0,21363000.0,,1.0,,,,,,,1,XL,0.6945421399488404,1370251100.0,-237546100.0,10.0,10.0,20.0,0.2
IKBI,2025-09-03,550.0,616400.0,,1.0,,,,,,,0,KK,0.5275040683178812,49260500.0,-6009500.0,10.0,9.0,19.0,0.2631578947368421
IKPM,2025-09-03,226.0,1099900.0,,1.0,,,,,,,1,XL,0.5690625788887606,119458800.0,-12727200.0,10.0,10.0,20.0,0.2
IMAS,2025-09-03,1170.0,968200.0,,1.0,,,,,,,0,IN,0.7732443600204061,587127000.0,25556500.0,10.0,10.0,20.0,0.25
IMJS,2025-09-03,250.0,12924400.0,,1.0,,,,,,,1,YP,0.383385742300783,220275200.0,81768000.0,10.0,10.0,20.0,0.25
IMPC,2025-09-03,1440.0,62932100.0,,1.0,,,,,,,0,LG,0.5503256086915455,10716707000.0,-1844362000.0,10.0,10.0,20.0,0.2
INAF,2025-09-03,,,,,,,,,,,0,,,,,,,,
INAI,2025-09-03,157.0,103600.0,,1.0,,,,,,,1,OD,0.6486558119211181,5068500.0,0.0,9.0,5.0,14.0,0.4285714285714285
INCF,2025-09-03,40.0,1868100.0,,1.0,,,,,,,1,XL,0.863943096844793,71845800.0,-756600.0,10.0,6.0,16.0,0.3125
INCI,2025-09-03,610.0,21900.0,,1.0,,,,,,,0,AZ,0.7058480385008021,6050000.0,0.0,9.0,4.0,13.0,0.3846153846153846
INCO,2025-09-03,3940.0,22284900.0,,1.0,,,,,,,0,AK,0.5513326808241448,5576940000.0,-654367000.0,10.0,10.0,20.0,0.25
INDF,2025-09-03,7700.0,9930600.0,,1.0,,,,,,,0,OD,0.5494229342051908,7421112500.0,29645000.0,10.0,10.0,20.0,0.25
INDO,2025-09-03,222.0,4430300.0,,1.0,,,,,,,1,XL,0.5492295077671071,289371000.0,-69344200.0,10.0,8.0,18.0,0.1666666666666666
INDR,2025-09-03,2610.0,87800.0,,1.0,,,,,,,0,XL,0.7216185563238576,33354000.0,0.0,10.0,6.0,16.0,0.3125
INDS,2025-09-03,226.0,100200.0,,1.0,,,,,,,1,CC,0.6815292734991485,3688800.0,0.0,10.0,5.0,15.0,0.3333333333333333
INDX,2025-09-03,90.0,4022400.0,,1.0,,,,,,,1,YU,0.4191457989873154,20593100.0,-2027000.0,10.0,10.0,20.0,0.3
INDY,2025-09-03,1660.0,159406600.0,,1.0,,,,,,,0,AK,0.5105623453939804,1769711500.0,336971000.0,10.0,10.0,20.0,0.25
INET,2025-09-03,226.0,57446300.0,,1.0,,,,,,,1,AZ,0.3803509143452299,843190200.0,-395008200.0,10.0,10.0,20.0,0.15
INKP,2025-09-03,8000.0,4513900.0,,1.0,,,,,,,0,AK,0.6106565727283914,14867692500.0,6697700000.0,10.0,10.0,20.0,0.25
INOV,2025-09-03,100.0,1393100.0,,1.0,,,,,,,1,XL,0.7522010470824804,17124300.0,-1042200.0,10.0,8.0,18.0,0.2777777777777778
INPC,2025-09-03,173.0,51072700.0,,1.0,,,,,,,1,MG,0.3153096142639902,169390800.0,-86589400.0,10.0,10.0,20.0,0.25
INPP,2025-09-03,780.0,49600.0,,1.0,,,,,,,0,SQ,0.9332862571034668,13107500.0,0.0,4.0,7.0,11.0,0.4545454545454545
INPS,2025-09-03,111.0,19300.0,,1.0,,,,,,,1,KK,0.7665587868493737,5396600.0,0.0,10.0,5.0,15.0,0.3333333333333333
INRU,2025-09-03,880.0,678700.0,,1.0,,,,,,,0,CP,0.8589206153004441,129776000.0,-3000.0,10.0,10.0,20.0,0.25
INTA,2025-09-03,21.0,7411400.0,,1.0,,,,,,,1,MG,0.5101037886768894,26820400.0,-2738600.0,10.0,9.0,19.0,0.2631578947368421
INTD,2025-09-03,193.0,2610500.0,,1.0,,,,,,,1,KK,0.7974668800388932,23874600.0,0.0,8.0,6.0,14.0,0.3571428571428571
INTP,2025-09-03,7000.0,2297800.0,,1.0,,,,,,,0,RB,0.681741134406012,1981195000.0,-7607500.0,10.0,10.0,20.0,0.25
IOTF,2025-09-03,102.0,46507300.0,,1.0,,,,,,,1,CP,0.5874945435847088,559241000.0,-1737600.0,10.0,10.0,20.0,0.2
IPAC,2025-09-03,150.0,57100.0,,1.0,,,,,,,1,XL,1.0,9989300.0,0.0,2.0,6.0,8.0,0.375
IPCC,2025-09-03,1095.0,1888000.0,,1.0,,,,,,,0,BK,0.4548333888096009,207838500.0,4970500.0,10.0,10.0,20.0,0.25
IPCM,2025-09-03,292.0,684000.0,,1.0,,,,,,,1,PD,0.5913749413880933,44043200.0,-58200.0,10.0,4.0,14.0,0.3571428571428571
IPOL,2025-09-03,138.0,109200.0,,1.0,,,,,,,1,XC,0.8215154218933152,4972200.0,0.0,6.0,6.0,12.0,0.4166666666666667
IPPE,2025-09-03,,,,,,,,,,,0,,,,,,,,
IPTV,2025-09-03,44.0,12154400.0,,1.0,,,,,,,1,CP,0.7740682982718564,153287400.0,10084200.0,8.0,10.0,18.0,0.2222222222222222
IRRA,2025-09-03,426.0,1160600.0,,1.0,,,,,,,1,RG,0.4171258409944899,74248400.0,13531200.0,10.0,10.0,20.0,0.2
IRSX,2025-09-03,,,,,,,,,,,0,,,,,,,,
ISAP,2025-09-03,33.0,30082700.0,,1.0,,,,,,,1,XL,0.7484250264499375,404471600.0,-12915000.0,10.0,10.0,20.0,0.25
ISAT,2025-09-03,1950.0,32751200.0,,1.0,,,,,,,0,CC,0.7212846752150225,13716458500.0,-1809681500.0,10.0,10.0,20.0,0.25
ISEA,2025-09-03,86.0,5673100.0,,1.0,,,,,,,1,XL,0.6386793840824923,53017400.0,1855000.0,10.0,10.0,20.0,0.3
ISSP,2025-09-03,420.0,4048400.0,,1.0,,,,,,,1,CP,0.4810120691156828,293991400.0,41120800.0,10.0,10.0,20.0,0.25
ITIC,2025-09-03,222.0,192000.0,,1.0,,,,,,,1,SS,0.5176131564565012,1166000.0,0.0,7.0,4.0,11.0,0.3636363636363636
ITMA,2025-09-03,1075.0,72527100.0,,1.0,,,,,,,0,AO,0.5748659949356324,6995235500.0,491710000.0,10.0,10.0,20.0,0.2
ITMG,2025-09-03,22275.0,1490800.0,,1.0,,,,,,,0,TP,0.4095829408660745,1823115000.0,-889412500.0,10.0,10.0,20.0,0.25
JARR,2025-09-03,1665.0,53664100.0,,1.0,,,,,,,0,,,,,,,,
JAST,2025-09-03,104.0,8364400.0,,1.0,,,,,,,1,XC,0.4824178179614509,182993500.0,-26442900.0,10.0,10.0,20.0,0.2
JATI,2025-09-03,138.0,3221700.0,,1.0,,,,,,,1,CC,0.6439397195866876,114392400.0,-791700.0,10.0,10.0,20.0,0.25
JAWA,2025-09-03,153.0,2263500.0,,1.0,,,,,,,1,AZ,0.8128785084536033,26731200.0,0.0,7.0,7.0,14.0,0.3571428571428571
JAYA,2025-09-03,95.0,1191500.0,,1.0,,,,,,,1,DH,0.4085783810468281,5091000.0,-86400.0,10.0,7.0,17.0,0.2941176470588235
JECC,2025-09-03,1155.0,1027200.0,,1.0,,,,,,,0,XL,0.7227835914936249,202722500.0,-2185500.0,10.0,3.0,13.0,0.3846153846153846
JGLE,2025-09-03,17.0,170049700.0,,1.0,,,,,,,1,MG,0.6107537332026627,693874000.0,-5543200.0,10.0,10.0,20.0,0.25
JIHD,2025-09-03,715.0,2328400.0,,1.0,,,,,,,0,YP,0.5446249818909829,219884000.0,-2169000.0,10.0,10.0,20.0,0.25
JKON,2025-09-03,100.0,248708700.0,,1.0,,,,,,,1,CC,0.5276661992711008,122811500.0,-36747100.0,10.0,10.0,20.0,0.2
JMAS,2025-09-03,152.0,1121100.0,,1.0,,,,,,,1,XC,0.7837156181593223,7534700.0,0.0,7.0,5.0,12.0,0.4166666666666667
JPFA,2025-09-03,1680.0,33707400.0,,1.0,,,,,,,0,CC,0.3813525249064803,16159383000.0,4370375000.0,10.0,10.0,20.0,0.15
JRPT,2025-09-03,805.0,374900.0,,1.0,,,,,,,0,PD,0.8006327886767842,569689000.0,-1817000.0,10.0,10.0,20.0,0.3
JSKY,2025-09-03,,,,,,,,,,,0,,,,,,,,
JSMR,2025-09-03,3410.0,5102500.0,,1.0,,,,,,,0,BB,0.7679101717739661,4079864000.0,275704000.0,10.0,10.0,20.0,0.15
JSPT,2025-09-03,4010.0,11700.0,,1.0,,,,,,,0,MG,0.8693450243773385,18228000.0,0.0,6.0,4.0,10.0,0.4
JTPE,2025-09-03,326.0,4879300.0,,1.0,,,,,,,1,CC,0.6807268399512229,276412200.0,3007400.0,10.0,10.0,20.0,0.2
KAEF,2025-09-03,510.0,1268800.0,,1.0,,,,,,,0,XA,0.5076678935800778,82181500.0,2054800.0,10.0,10.0,20.0,0.25
KAQI,2025-09-03,,,,,,,,,,,0,,,,,,,,
KARW,2025-09-03,640.0,857400.0,,1.0,,,,,,,0,OD,0.4715035177749626,45038000.0,-2188000.0,10.0,5.0,15.0,0.4
KAYU,2025-09-03,,,,,,,,,,,0,,,,,,,,
KBAG,2025-09-03,43.0,7707500.0,,1.0,,,,,,,1,XL,0.7736138086335901,90964300.0,100.0,10.0,10.0,20.0,0.25
KBLI,2025-09-03,378.0,22400.0,,1.0,,,,,,,1,YP,0.8439155680572972,47505800.0,-37400.0,10.0,3.0,13.0,0.3846153846153846
KBLM,2025-09-03,392.0,460400.0,,1.0,,,,,,,1,NI,0.6424884718382776,39992400.0,691000.0,9.0,10.0,19.0,0.2631578947368421
KBLV,2025-09-03,242.0,407594200.0,,1.0,,,,,,,1,MG,0.8059527320010911,7992963200.0,488223500.0,10.0,10.0,20.0,0.2
KBRI,2025-09-03,,,,,,,,,,,0,,,,,,,,
KDSI,2025-09-03,470.0,6500.0,,1.0,,,,,,,1,YP,0.8613980716253443,1639600.0,0.0,3.0,4.0,7.0,0.5714285714285714
KDTN,2025-09-03,119.0,34700.0,,1.0,,,,,,,1,XC,0.6006825349324371,7243700.0,0.0,9.0,5.0,14.0,0.2857142857142857
KEEN,2025-09-03,840.0,4906000.0,,1.0,,,,,,,0,PD,0.3981819698197832,464023000.0,-12366000.0,10.0,9.0,19.0,0.2631578947368421
KEJU,2025-09-03,615.0,831600.0,,1.0,,,,,,,0,YP,0.5971216399115723,131676500.0,-31801000.0,10.0,6.0,16.0,0.375
KETR,2025-09-03,570.0,20773100.0,,1.0,,,,,,,0,XL,0.7055217329485127,1174451000.0,7430500.0,10.0,10.0,20.0,0.25
KIAS,2025-09-03,,,,,,,,,,,0,,,,,,,,
KICI,2025-09-03,139.0,4864100.0,,1.0,,,,,,,1,CC,0.5005359684199359,8361500.0,-652500.0,10.0,5.0,15.0,0.3333333333333333
KIJA,2025-09-03,206.0,191959800.0,,1.0,,,,,,,1,XA,0.4962424204412691,10980008200.0,-1153971400.0,10.0,10.0,20.0,0.25
KING,2025-09-03,204.0,1328500.0,,1.0,,,,,,,1,IN,0.614870980580413,38984000.0,-4053400.0,10.0,8.0,18.0,0.1666666666666666
KINO,2025-09-03,1230.0,340200.0,,1.0,,,,,,,0,LG,0.6074457902901086,5615000.0,0.0,10.0,5.0,15.0,0.3333333333333333
KIOS,2025-09-03,82.0,15762500.0,,1.0,,,,,,,1,XL,0.5155454186344006,197066100.0,-42727300.0,10.0,10.0,20.0,0.2
KJEN,2025-09-03,130.0,1693200.0,,1.0,,,,,,,1,CC,0.5917678449223766,58433000.0,-6684600.0,10.0,7.0,17.0,0.2352941176470588
KKES,2025-09-03,40.0,1062100.0,,1.0,,,,,,,1,EP,0.5263911452241087,45100000.0,-57000.0,10.0,10.0,20.0,0.3
KKGI,2025-09-03,334.0,2195600.0,,1.0,,,,,,,1,CC,0.7037304519706928,110963400.0,-4666400.0,10.0,10.0,20.0,0.25
KLAS,2025-09-03,136.0,5826300.0,,1.0,,,,,,,1,AT,0.6110158073602683,72174400.0,-141300.0,10.0,10.0,20.0,0.25
KLBF,2025-09-03,1180.0,161024600.0,,1.0,,,,,,,0,DX,0.4905862980591075,15942347000.0,-7948144500.0,10.0,10.0,20.0,0.25
KLIN,2025-09-03,191.0,2239000.0,,1.0,,,,,,,1,PD,0.9284378094001916,256900700.0,6138100.0,6.0,10.0,16.0,0.3125
KMDS,2025-09-03,640.0,48200.0,,1.0,,,,,,,0,XL,0.9406187081678185,96113500.0,0.0,4.0,6.0,10.0,0.5
KMTR,2025-09-03,318.0,2210000.0,,1.0,,,,,,,1,XL,0.4746907474081222,379567800.0,-54069800.0,10.0,6.0,16.0,0.3125
KOBX,2025-09-03,143.0,139300.0,,1.0,,,,,,,1,YP,0.627809356120776,11865100.0,0.0,7.0,8.0,15.0,0.3333333333333333
KOCI,2025-09-03,65.0,34653500.0,,1.0,,,,,,,1,XL,0.6482951794610197,89326900.0,-2804200.0,10.0,10.0,20.0,0.25
KOIN,2025-09-03,70.0,2165600.0,,1.0,,,,,,,1,XA,0.9906542056074766,696900.0,0.0,3.0,2.0,5.0,0.2
KOKA,2025-09-03,98.0,10315400.0,,1.0,,,,,,,1,XL,0.79660075220523,115182700.0,-450900.0,10.0,10.0,20.0,0.25
KONI,2025-09-03,2090.0,146000.0,,1.0,,,,,,,0,XC,0.6956378898811918,73825000.0,747000.0,9.0,10.0,19.0,0.2105263157894736
KOPI,2025-09-03,338.0,249800.0,,1.0,,,,,,,1,XC,0.7836315910390709,24358200.0,0.0,9.0,8.0,17.0,0.2941176470588235
KOTA,2025-09-03,28.0,11946000.0,,1.0,,,,,,,1,MG,0.9669329280371722,293766200.0,7076100.0,7.0,10.0,17.0,0.2941176470588235
KPIG,2025-09-03,179.0,49073400.0,,1.0,,,,,,,1,AI,0.5443058010659025,1456000000.0,-186279600.0,10.0,10.0,20.0,0.25
KRAS,2025-09-03,308.0,54729400.0,,1.0,,,,,,,1,AK,0.5859201751661273,4343891200.0,3665310200.0,10.0,10.0,20.0,0.25
KREN,2025-09-03,16.0,47678700.0,,1.0,,,,,,,1,YP,0.4521516790016303,65817200.0,-31399000.0,10.0,4.0,14.0,0.3571428571428571
KRYA,2025-09-03,208.0,7747600.0,,1.0,,,,,,,1,YP,0.602483659697529,627473000.0,-69281000.0,10.0,10.0,20.0,0.25
KSIX,2025-09-03,,,,,,,,,,,0,,,,,,,,
KUAS,2025-09-03,71.0,30667200.0,,1.0,,,,,,,1,XL,0.6576255460883553,169747200.0,-253500.0,10.0,10.0,20.0,0.25
LABA,2025-09-03,,,,,,,,,,,0,,,,,,,,
LABS,2025-09-03,144.0,747200.0,,1.0,,,,,,,1,YP,0.7578109687248608,39097100.0,0.0,6.0,5.0,11.0,0.4545454545454545
LAJU,2025-09-03,66.0,46255400.0,,1.0,,,,,,,1,XL,0.7719484556796347,548451300.0,-16890300.0,10.0,10.0,20.0,0.25
LAND,2025-09-03,42.0,23966800.0,,1.0,,,,,,,1,CP,0.6484116276217343,120234400.0,7814400.0,6.0,10.0,16.0,0.1875
LAPD,2025-09-03,118.0,7401600.0,,1.0,,,,,,,1,,,,,,,,
LCGP,2025-09-03,,,,,,,,,,,0,,,,,,,,
LCKM,2025-09-03,216.0,289000.0,,1.0,,,,,,,1,YP,0.9630332610267536,4057000.0,0.0,5.0,2.0,7.0,0.7142857142857143
LEAD,2025-09-03,79.0,14836100.0,,1.0,,,,,,,1,YP,0.6279991831006174,366932300.0,-17134800.0,10.0,10.0,20.0,0.25
LFLO,2025-09-03,242.0,10100.0,,1.0,,,,,,,1,,,,,,,,
LIFE,2025-09-03,,,,,,,,,,,0,,,,,,,,
LINK,2025-09-03,3480.0,135100.0,,1.0,,,,,,,0,OD,0.5255716153655865,80721000.0,-8000.0,10.0,10.0,20.0,0.25
LION,2025-09-03,362.0,48100.0,,1.0,,,,,,,1,AT,0.7862027353177795,534000.0,0.0,4.0,4.0,8.0,0.375
LIVE,2025-09-03,166.0,19395200.0,,1.0,,,,,,,1,KK,0.6312769285036651,295481400.0,-21569200.0,10.0,8.0,18.0,0.2222222222222222
LMAS,2025-09-03,,,,,,,,,,,0,,,,,,,,
LMAX,2025-09-03,81.0,1525400.0,,1.0,,,,,,,1,XL,0.4433276438079577,18907600.0,-773000.0,10.0,10.0,20.0,0.25
LMPI,2025-09-03,143.0,734100.0,,1.0,,,,,,,1,XA,0.7930221521409654,4250500.0,0.0,5.0,7.0,12.0,0.4166666666666667
LMSH,2025-09-03,,,,,,,,,,,0,,,,,,,,
LOPI,2025-09-03,59.0,7272200.0,,1.0,,,,,,,1,XL,0.5485686407701528,120053400.0,-25240600.0,10.0,7.0,17.0,0.2941176470588235
LPCK,2025-09-03,645.0,1924200.0,,1.0,,,,,,,0,XL,0.5399474744288345,255088500.0,-68880000.0,10.0,10.0,20.0,0.2
LPGI,2025-09-03,442.0,15800.0,,1.0,,,,,,,1,XC,0.7653481264243944,6596200.0,0.0,7.0,3.0,10.0,0.3
LPIN,2025-09-03,422.0,167400.0,,1.0,,,,,,,1,AI,0.5139728527432417,6634400.0,0.0,10.0,5.0,15.0,0.4
LPKR,2025-09-03,102.0,127998000.0,,1.0,,,,,,,1,XL,0.3602318379241364,1237488000.0,-900130000.0,10.0,10.0,20.0,0.25
LPLI,2025-09-03,322.0,378300.0,,1.0,,,,,,,1,KI,0.550083977986148,31500000.0,-486400.0,10.0,7.0,17.0,0.2941176470588235
LPPF,2025-09-03,1605.0,1866600.0,,1.0,,,,,,,0,LG,0.6601160670328816,502663000.0,23273000.0,10.0,10.0,20.0,0.25
LPPS,2025-09-03,85.0,4869800.0,,1.0,,,,,,,1,YP,0.4605735001764063,65110900.0,-40364100.0,10.0,10.0,20.0,0.2
LRNA,2025-09-03,178.0,860200.0,,1.0,,,,,,,1,CC,0.78096211806554,12591200.0,0.0,7.0,3.0,10.0,0.5
LSIP,2025-09-03,1370.0,7387200.0,,1.0,,,,,,,0,CP,0.4293895728931862,589565000.0,-124574500.0,10.0,10.0,20.0,0.25
LTLS,2025-09-03,850.0,78000.0,,1.0,,,,,,,0,XL,0.6771846448570586,11471500.0,0.0,6.0,8.0,14.0,0.3571428571428571
LUCK,2025-09-03,83.0,2013400.0,,1.0,,,,,,,1,XA,0.6862040846527243,47186600.0,83000.0,10.0,10.0,20.0,0.3
LUCY,2025-09-03,96.0,2447300.0,,1.0,,,,,,,1,XL,0.8401511510208106,145585000.0,4776700.0,10.0,10.0,20.0,0.2
MABA,2025-09-03,,,,,,,,,,,0,,,,,,,,
MAGP,2025-09-03,,,,,,,,,,,0,,,,,,,,
MAHA,2025-09-03,137.0,2914900.0,,1.0,,,,,,,1,CC,0.7601735019679586,162339600.0,-168300.0,10.0,10.0,20.0,0.25
MAIN,2025-09-03,670.0,4404100.0,,1.0,,,,,,,0,AO,0.8357476886467102,1905300000.0,383982500.0,10.0,10.0,20.0,0.25
MANG,2025-09-03,47.0,23190500.0,,1.0,,,,,,,1,KK,0.5715546922957113,181671200.0,14684800.0,10.0,10.0,20.0,0.25
MAPA,2025-09-03,610.0,57059600.0,,1.0,,,,,,,0,YP,0.5883138175976106,7903926500.0,-953350500.0,10.0,10.0,20.0,0.25
MAPB,2025-09-03,1720.0,2700.0,,1.0,,,,,,,0,YP,0.8117793705204114,6889500.0,0.0,7.0,5.0,12.0,0.25
MAPI,2025-09-03,1180.0,14389100.0,,1.0,,,,,,,0,YP,0.3117694637210798,2600135500.0,-3790935500.0,10.0,10.0,20.0,0.25
MARI,2025-09-03,33.0,5285300.0,,1.0,,,,,,,1,LG,0.9864229901763414,149429700.0,501600.0,10.0,10.0,20.0,0.25
MARK,2025-09-03,640.0,2558200.0,,1.0,,,,,,,0,XL,0.4522508435756115,265866500.0,-2857000.0,10.0,9.0,19.0,0.2631578947368421
MASA,2025-09-03,,,,,,,,,,,0,,,,,,,,
MASB,2025-09-03,3350.0,1000.0,,1.0,,,,,,,0,MG,1.0,2994000.0,0.0,1.0,3.0,4.0,0.25
MAXI,2025-09-03,60.0,603885300.0,,1.0,,,,,,,1,YP,0.3504425027350311,271964100.0,-163615800.0,10.0,10.0,20.0,0.25
MAYA,2025-09-03,226.0,8306700.0,,1.0,,,,,,,1,NI,0.6731008299175227,1088250400.0,25474400.0,10.0,10.0,20.0,0.3
MBAP,2025-09-03,1630.0,192300.0,,1.0,,,,,,,0,PD,0.4974753333996266,27181500.0,0.0,9.0,4.0,13.0,0.3846153846153846
MBMA,2025-09-03,438.0,428045000.0,,1.0,,,,,,,1,CP,0.4262772621040827,3566740400.0,1270631000.0,10.0,10.0,20.0,0.25
MBSS,2025-09-03,1595.0,3570100.0,,1.0,,,,,,,0,CC,0.7916172370840501,294875500.0,28378500.0,10.0,10.0,20.0,0.25
MBTO,2025-09-03,126.0,1374800.0,,1.0,,,,,,,1,MG,0.67255438697594,46069700.0,-440300.0,10.0,10.0,20.0,0.2
MCAS,2025-09-03,840.0,212000.0,,1.0,,,,,,,0,XL,0.7181437367517917,41846500.0,-166000.0,10.0,4.0,14.0,0.3571428571428571
MCOL,2025-09-03,3800.0,35800.0,,1.0,,,,,,,0,YU,0.9021992643030444,162500000.0,0.0,7.0,9.0,16.0,0.3125
MCOR,2025-09-03,77.0,8098000.0,,1.0,,,,,,,1,YP,0.6004418339709023,81800300.0,-6817600.0,10.0,7.0,17.0,0.2941176470588235
MDIA,2025-09-03,34.0,6268500.0,,1.0,,,,,,,1,YP,0.6202964652223489,19080500.0,-31000.0,10.0,1.0,11.0,0.4545454545454545
MDIY,2025-09-03,1080.0,3041800.0,,1.0,,,,,,,0,YU,0.8677301410430281,5616329000.0,-77639500.0,10.0,6.0,16.0,0.3125
MDKA,2025-09-03,2550.0,79180600.0,,1.0,,,,,,,0,AK,0.4525926387459391,18192343000.0,10098935000.0,10.0,10.0,20.0,0.2
MDKI,2025-09-03,159.0,2751500.0,,1.0,,,,,,,1,CC,0.6847204613308249,57700400.0,-655800.0,10.0,3.0,13.0,0.3846153846153846
MDLA,2025-09-03,,,,,,,,,,,0,,,,,,,,
MDLN,2025-09-03,70.0,32482700.0,,1.0,,,,,,,1,GR,0.7014234657702907,663902700.0,53913900.0,10.0,10.0,20.0,0.25
MDRN,2025-09-03,30.0,6771900.0,,1.0,,,,,,,1,OD,0.7513361462728552,111048000.0,10040800.0,6.0,10.0,16.0,0.3125
MEDC,2025-09-03,1250.0,34187200.0,,1.0,,,,,,,0,OD,0.633544930102219,7784447500.0,3436103000.0,10.0,10.0,20.0,0.1
MEDS,2025-09-03,75.0,345546300.0,,1.0,,,,,,,1,XL,0.5147850293537457,236348700.0,21369700.0,10.0,10.0,20.0,0.2
MEGA,2025-09-03,3230.0,4000.0,,1.0,,,,,,,0,CC,0.8336972954812699,2982000.0,0.0,4.0,3.0,7.0,0.4285714285714285
MEJA,2025-09-03,99.0,12887300.0,,1.0,,,,,,,1,IH,0.4879586811602907,180000000.0,-48429000.0,10.0,10.0,20.0,0.2
MENN,2025-09-03,57.0,132536800.0,,1.0,,,,,,,1,XL,0.5199886344259349,1536008500.0,-442202200.0,10.0,10.0,20.0,0.25
MERI,2025-09-03,,,,,,,,,,,0,,,,,,,,
MERK,2025-09-03,2790.0,12600.0,,1.0,,,,,,,0,CC,0.6528852313605676,9580000.0,0.0,6.0,7.0,13.0,0.3846153846153846
META,2025-09-03,,,,,,,,,,,0,,,,,,,,
MFIN,2025-09-03,1195.0,484000.0,,1.0,,,,,,,0,XL,0.4741015056807013,87905000.0,-4180000.0,10.0,10.0,20.0,0.25
MFMI,2025-09-03,,,,,,,,,,,0,,,,,,,,
MGLV,2025-09-03,,,,,,,,,,,0,,,,,,,,
MGNA,2025-09-03,39.0,538000.0,,1.0,,,,,,,1,XC,0.5219264892268695,6639200.0,-154800.0,10.0,3.0,13.0,0.3846153846153846
MGRO,2025-09-03,715.0,5127600.0,,1.0,,,,,,,0,CC,0.384282823812083,201772500.0,211174000.0,10.0,10.0,20.0,0.15
MHKI,2025-09-03,150.0,24241800.0,,1.0,,,,,,,1,NI,0.3886843411536415,550987000.0,-194225600.0,10.0,10.0,20.0,0.25
MICE,2025-09-03,500.0,76600.0,,1.0,,,,,,,0,YP,0.9908140699718374,17658600.0,0.0,5.0,4.0,9.0,0.4444444444444444
MIDI,2025-09-03,450.0,4042400.0,,1.0,,,,,,,1,AK,0.8478340892645405,1450344400.0,-5466200.0,10.0,10.0,20.0,0.25
MIKA,2025-09-03,2390.0,12058300.0,,1.0,,,,,,,0,LG,0.8561678885638017,3538779000.0,36123000.0,10.0,10.0,20.0,0.2
MINA,2025-09-03,184.0,217810800.0,,1.0,,,,,,,1,MG,0.5028783452339833,2551649200.0,3215739100.0,10.0,10.0,20.0,0.25
MINE,2025-09-03,,,,,,,,,,,0,,,,,,,,
MIRA,2025-09-03,74.0,33154900.0,,1.0,,,,,,,1,XL,0.5181604297513985,474667900.0,-172170500.0,10.0,5.0,15.0,0.2
MITI,2025-09-03,260.0,7842300.0,,1.0,,,,,,,1,XC,0.4707281988724759,256297000.0,-71010600.0,10.0,10.0,20.0,0.25
MKAP,2025-09-03,362.0,519900.0,,1.0,,,,,,,1,XL,0.2833858666613286,19476200.0,-29075800.0,10.0,10.0,20.0,0.15
MKNT,2025-09-03,,,,,,,,,,,0,,,,,,,,
MKPI,2025-09-03,25000.0,6400.0,,1.0,,,,,,,0,XC,0.7529673590504451,5072500.0,0.0,3.0,3.0,6.0,0.1666666666666666
MKTR,2025-09-03,136.0,137689000.0,,1.0,,,,,,,1,II,0.7514532797467041,1419113100.0,-18867700.0,10.0,10.0,20.0,0.2
MLBI,2025-09-03,5900.0,62100.0,,1.0,,,,,,,0,GR,0.7699357473726154,59000000.0,0.0,9.0,6.0,15.0,0.2666666666666666
MLIA,2025-09-03,360.0,4020500.0,,1.0,,,,,,,1,CC,0.5712403165181672,532684600.0,12151200.0,10.0,10.0,20.0,0.15
MLPL,2025-09-03,140.0,102026700.0,,1.0,,,,,,,1,SS,0.5440895133831347,2869928600.0,1112100100.0,10.0,10.0,20.0,0.3
MLPT,2025-09-03,77850.0,16000.0,,1.0,,,,,,,0,NI,0.678963314772355,86455000.0,0.0,7.0,9.0,16.0,0.3125
MMIX,2025-09-03,280.0,3510100.0,,1.0,,,,,,,1,AK,0.5217177902528924,237133400.0,58284400.0,10.0,10.0,20.0,0.15
MMLP,2025-09-03,545.0,4841800.0,,1.0,,,,,,,0,CC,0.5774600374087547,670471500.0,-23444500.0,10.0,10.0,20.0,0.3
MNCN,2025-09-03,262.0,27076600.0,,1.0,,,,,,,1,CC,0.872058972081991,949310200.0,30318200.0,10.0,10.0,20.0,0.3
MOLI,2025-09-03,204.0,1910400.0,,1.0,,,,,,,1,KK,0.785731208948618,250775800.0,-5532700.0,10.0,5.0,15.0,0.3333333333333333
MORA,2025-09-03,440.0,382600.0,,1.0,,,,,,,1,YP,0.6828142065170807,13910000.0,0.0,10.0,4.0,14.0,0.3571428571428571
MPIX,2025-09-03,70.0,12924600.0,,1.0,,,,,,,1,PD,0.664714625511658,152278700.0,46657800.0,10.0,10.0,20.0,0.25
MPMX,2025-09-03,960.0,1057700.0,,1.0,,,,,,,0,XL,0.6199757335698313,166176500.0,-6777500.0,10.0,10.0,20.0,0.25
MPOW,2025-09-03,118.0,1019800.0,,1.0,,,,,,,1,EP,0.622304437908631,27776500.0,458900.0,7.0,10.0,17.0,0.2941176470588235
MPPA,2025-09-03,72.0,48825300.0,,1.0,,,,,,,1,YU,0.7092102375041142,1278014700.0,-55654500.0,10.0,10.0,20.0,0.25
MPRO,2025-09-03,4500.0,1029100.0,,1.0,,,,,,,0,,,,,,,,
MPXL,2025-09-03,125.0,4370100.0,,1.0,,,,,,,1,YP,0.5188982980601857,85696600.0,-4977700.0,10.0,10.0,20.0,0.2
MRAT,2025-09-03,240.0,872500.0,,1.0,,,,,,,1,XA,0.5071181767570099,12927000.0,0.0,10.0,7.0,17.0,0.2941176470588235
MREI,2025-09-03,920.0,131800.0,,1.0,,,,,,,0,YU,0.9264033438264396,64550000.0,0.0,8.0,7.0,15.0,0.3333333333333333
MSIE,2025-09-03,42.0,25732700.0,,1.0,,,,,,,1,KK,0.6133067273904077,91481900.0,-434900.0,10.0,10.0,20.0,0.25
MSIN,2025-09-03,535.0,37859300.0,,1.0,,,,,,,0,BK,0.7867758051507636,2493236500.0,351942000.0,9.0,10.0,19.0,0.2105263157894736
MSJA,2025-09-03,304.0,2217600.0,,1.0,,,,,,,1,YU,0.5664541868816722,93601600.0,0.0,9.0,6.0,15.0,0.3333333333333333
MSKY,2025-09-03,84.0,34878300.0,,1.0,,,,,,,1,YP,0.4360223166911776,54685100.0,-12939200.0,10.0,10.0,20.0,0.25
MSTI,2025-09-03,1560.0,1700900.0,,1.0,,,,,,,0,DX,0.6856779172819413,568770500.0,-38592500.0,10.0,10.0,20.0,0.2
MTDL,2025-09-03,600.0,4599800.0,,1.0,,,,,,,0,KZ,0.7153553259401135,961407000.0,-13403000.0,10.0,10.0,20.0,0.2
MTEL,2025-09-03,595.0,3381400.0,,1.0,,,,,,,0,CC,0.628516689409787,707293500.0,-69486500.0,10.0,10.0,20.0,0.2
MTFN,2025-09-03,15.0,143758100.0,,1.0,,,,,,,1,XL,0.6873609865314928,1912088600.0,-111487400.0,10.0,10.0,20.0,0.3
MTLA,2025-09-03,438.0,3600.0,,1.0,,,,,,,1,XL,0.9784797630799604,1938000.0,0.0,3.0,3.0,6.0,0.6666666666666666
MTMH,2025-09-03,1405.0,3088000.0,,1.0,,,,,,,0,CP,0.81962420940008,616120500.0,9218500.0,10.0,10.0,20.0,0.25
MTPS,2025-09-03,46.0,657500.0,,1.0,,,,,,,1,XL,0.657877690533386,22521100.0,-253700.0,10.0,2.0,12.0,0.4166666666666667
MTRA,2025-09-03,,,,,,,,,,,0,,,,,,,,
MTSM,2025-09-03,,,,,,,,,,,0,,,,,,,,
MTWI,2025-09-03,384.0,441800.0,,1.0,,,,,,,1,XL,0.9557183206472306,40601800.0,0.0,7.0,6.0,13.0,0.3846153846153846
MUTU,2025-09-03,99.0,58831200.0,,1.0,,,,,,,1,YP,0.3805390487636598,85343500.0,-8184400.0,10.0,9.0,19.0,0.2631578947368421
MYOH,2025-09-03,1685.0,13300.0,,1.0,,,,,,,0,XL,0.8718213768864999,3882500.0,0.0,5.0,2.0,7.0,0.5714285714285714
MYOR,2025-09-03,2100.0,1435100.0,,1.0,,,,,,,0,DP,0.6891453589325951,2259837000.0,-58724000.0,10.0,10.0,20.0,0.2
MYTX,2025-09-03,,,,,,,,,,,0,,,,,,,,
NAIK,2025-09-03,147.0,23389100.0,,1.0,,,,,,,1,XL,0.4617011924233768,240869100.0,-30468000.0,10.0,10.0,20.0,0.2
NANO,2025-09-03,68.0,23160600.0,,1.0,,,,,,,1,XL,0.582954484019093,472680300.0,-4923200.0,10.0,10.0,20.0,0.25
NASA,2025-09-03,33.0,3124200.0,,1.0,,,,,,,1,XL,0.7588551873950967,73750000.0,-22400.0,10.0,8.0,18.0,0.3333333333333333
NASI,2025-09-03,87.0,4380000.0,,1.0,,,,,,,1,CC,0.4931499926097922,73940600.0,-2857200.0,10.0,10.0,20.0,0.2
NATO,2025-09-03,135.0,293100.0,,1.0,,,,,,,1,CP,0.5338307293795327,10045500.0,-117700.0,10.0,8.0,18.0,0.2777777777777778
NAYZ,2025-09-03,101.0,21919400.0,,1.0,,,,,,,1,CC,0.695646075918618,491904700.0,145400.0,10.0,10.0,20.0,0.25
NCKL,2025-09-03,1065.0,70895200.0,,1.0,,,,,,,0,AK,0.5576278416862257,5840882000.0,2330174000.0,10.0,10.0,20.0,0.2
NELY,2025-09-03,350.0,1365900.0,,1.0,,,,,,,1,IU,0.5668035653275563,95370000.0,-343600.0,10.0,9.0,19.0,0.2631578947368421
NEST,2025-09-03,262.0,7117400.0,,1.0,,,,,,,1,YU,0.3497359109175796,184871400.0,-52119000.0,10.0,10.0,20.0,0.1
NETV,2025-09-03,133.0,627500.0,,1.0,,,,,,,1,CC,0.5517450551168341,129406900.0,-1852900.0,10.0,8.0,18.0,0.2222222222222222
NFCX,2025-09-03,1745.0,33000.0,,1.0,,,,,,,0,XL,0.8395431317214552,11365500.0,0.0,6.0,5.0,11.0,0.4545454545454545
NICE,2025-09-03,446.0,6827600.0,,1.0,,,,,,,1,YP,0.5611593978584537,126228000.0,-11966600.0,10.0,10.0,20.0,0.25
NICK,2025-09-03,1390.0,28400.0,,1.0,,,,,,,0,DH,0.8205463765745133,1382500.0,0.0,5.0,3.0,8.0,0.25
NICL,2025-09-03,1075.0,19050200.0,,1.0,,,,,,,0,PD,0.4506700822906298,1782458000.0,1428170000.0,10.0,10.0,20.0,0.15
NIKL,2025-09-03,230.0,2165600.0,,1.0,,,,,,,1,KK,0.6572494122626327,392563200.0,-6319200.0,10.0,9.0,19.0,0.2631578947368421
NINE,2025-09-03,310.0,37158900.0,,1.0,,,,,,,1,,,,,,,,
NIRO,2025-09-03,122.0,16400.0,,1.0,,,,,,,1,XC,0.8129536571747628,450400.0,0.0,6.0,2.0,8.0,0.5
NISP,2025-09-03,1380.0,4522000.0,,1.0,,,,,,,0,XL,0.5811900899859612,636859500.0,-86540000.0,10.0,10.0,20.0,0.2
NOBU,2025-09-03,565.0,6185900.0,,1.0,,,,,,,0,YP,0.5991845790688508,429839500.0,-7746500.0,10.0,10.0,20.0,0.2
NPGF,2025-09-03,60.0,89138800.0,,1.0,,,,,,,1,YP,0.5586194567198215,167992100.0,-26403300.0,10.0,7.0,17.0,0.2941176470588235
NRCA,2025-09-03,875.0,7228700.0,,1.0,,,,,,,0,XL,0.6053880688576715,632275000.0,-41566000.0,10.0,10.0,20.0,0.25
NSSS,2025-09-03,434.0,13679100.0,,1.0,,,,,,,1,YP,0.5086358960096403,244549400.0,-7918800.0,10.0,10.0,20.0,0.3
NTBK,2025-09-03,60.0,385074800.0,,1.0,,,,,,,1,XL,0.6094836072342352,705239300.0,-24301600.0,10.0,10.0,20.0,0.2
NUSA,2025-09-03,,,,,,,,,,,0,,,,,,,,
NZIA,2025-09-03,97.0,1704500.0,,1.0,,,,,,,1,YP,0.39971467849454,16276600.0,-10372500.0,10.0,5.0,15.0,0.3333333333333333
OASA,2025-09-03,248.0,100688900.0,,1.0,,,,,,,1,FS,0.5709548047889799,2975010000.0,271929400.0,10.0,10.0,20.0,0.25
OBAT,2025-09-03,,,,,,,,,,,0,,,,,,,,
OBMD,2025-09-03,274.0,4901200.0,,1.0,,,,,,,1,NI,0.4901225637225496,221397800.0,-21288800.0,10.0,7.0,17.0,0.2941176470588235
OCAP,2025-09-03,,,,,,,,,,,0,,,,,,,,
OILS,2025-09-03,139.0,2759500.0,,1.0,,,,,,,1,XL,0.7750274762037429,57159100.0,2276300.0,9.0,10.0,19.0,0.2105263157894736
OKAS,2025-09-03,278.0,8169300.0,,1.0,,,,,,,1,XL,0.5386238382775688,468688600.0,-6210200.0,10.0,10.0,20.0,0.3
OLIV,2025-09-03,66.0,1063500.0,,1.0,,,,,,,1,CP,0.6581122516997734,38238000.0,2052000.0,5.0,10.0,15.0,0.2666666666666666
OMED,2025-09-03,187.0,449400.0,,1.0,,,,,,,1,DR,0.8968097363298062,74827100.0,-93400.0,10.0,8.0,18.0,0.2222222222222222
OMRE,2025-09-03,426.0,100.0,,1.0,,,,,,,1,,,,,,,,
OPMS,2025-09-03,83.0,7112400.0,,1.0,,,,,,,1,YB,0.3669115058982719,45223900.0,-20275900.0,10.0,10.0,20.0,0.2
PACK,2025-09-03,2900.0,25725600.0,,1.0,,,,,,,0,ZP,0.673928479208034,5273603000.0,492794000.0,10.0,10.0,20.0,0.2
PADA,2025-09-03,49.0,9372100.0,,1.0,,,,,,,1,MG,0.8160060156837469,179829000.0,9589500.0,4.0,10.0,14.0,0.2857142857142857
PADI,2025-09-03,78.0,9618200.0,,1.0,,,,,,,1,XL,0.5096002064234109,274509200.0,821600.0,10.0,10.0,20.0,0.25
PALM,2025-09-03,404.0,693800.0,,1.0,,,,,,,1,GR,0.8246939208845172,124504000.0,-327600.0,10.0,10.0,20.0,0.3
PAMG,2025-09-03,76.0,10260100.0,,1.0,,,,,,,1,DR,0.2955513455782038,46827300.0,-58168300.0,10.0,10.0,20.0,0.2
PANI,2025-09-03,15550.0,36886100.0,,1.0,,,,,,,0,LG,0.5622785171573119,26516187500.0,7947152500.0,10.0,10.0,20.0,0.2
PANR,2025-09-03,755.0,9417600.0,,1.0,,,,,,,0,EP,0.5782996524934151,206681000.0,-43813000.0,10.0,10.0,20.0,0.2
PANS,2025-09-03,1395.0,106200.0,,1.0,,,,,,,0,GR,0.9137799097710012,30656500.0,0.0,6.0,3.0,9.0,0.5555555555555556
PART,2025-09-03,115.0,41234800.0,,1.0,,,,,,,1,AT,0.7477811258581436,1858827800.0,-59143500.0,10.0,10.0,20.0,0.25
PBID,2025-09-03,490.0,458000.0,,1.0,,,,,,,1,XL,0.731412509354333,57126000.0,-145400.0,10.0,6.0,16.0,0.25
PBRX,2025-09-03,36.0,48752100.0,,1.0,,,,,,,1,YJ,0.7190623316227674,214500000.0,21984200.0,10.0,10.0,20.0,0.25
PBSA,2025-09-03,880.0,18786800.0,,1.0,,,,,,,0,,,,,,,,
PCAR,2025-09-03,40.0,38079600.0,,1.0,,,,,,,1,XL,0.4965032943452236,71103300.0,-4548900.0,10.0,10.0,20.0,0.25
PDES,2025-09-03,478.0,500.0,,1.0,,,,,,,1,XL,0.9642830567750575,2496200.0,0.0,4.0,2.0,6.0,0.3333333333333333
PDPP,2025-09-03,505.0,943400.0,,1.0,,,,,,,0,XC,0.6145632129450782,2586800.0,0.0,9.0,4.0,13.0,0.3076923076923077
PEGE,2025-09-03,113.0,567000.0,,1.0,,,,,,,1,PD,0.7993885230479775,23104800.0,0.0,5.0,7.0,12.0,0.4166666666666667
PEHA,2025-09-03,334.0,42100.0,,1.0,,,,,,,1,CP,0.5138082392208861,4963200.0,0.0,9.0,5.0,14.0,0.3571428571428571
PEVE,2025-09-03,446.0,149200.0,,1.0,,,,,,,1,PO,0.5310826221604882,22500000.0,0.0,8.0,10.0,18.0,0.2222222222222222
PGAS,2025-09-03,1760.0,113454700.0,,1.0,,,,,,,0,AK,0.6308519769545228,4880537500.0,1164080500.0,10.0,10.0,20.0,0.15
PGEO,2025-09-03,1435.0,37030500.0,,1.0,,,,,,,0,NI,0.6777848599990741,11179822000.0,2677945500.0,10.0,10.0,20.0,0.2
PGJO,2025-09-03,,,,,,,,,,,0,,,,,,,,
PGLI,2025-09-03,178.0,391800.0,,1.0,,,,,,,1,XL,0.6867744763554551,17170500.0,4500.0,7.0,10.0,17.0,0.2352941176470588
PGUN,2025-09-03,3850.0,1230600.0,,1.0,,,,,,,0,,,,,,,,
PICO,2025-09-03,146.0,635700.0,,1.0,,,,,,,1,XL,0.719578047370559,37205800.0,352400.0,10.0,10.0,20.0,0.25
PIPA,2025-09-03,175.0,282747200.0,,1.0,,,,,,,1,,,,,,,,
PJAA,2025-09-03,498.0,58900.0,,1.0,,,,,,,1,XL,0.6451204491421042,6412800.0,99600.0,6.0,10.0,16.0,0.375
PKPK,2025-09-03,590.0,159000.0,,1.0,,,,,,,0,XL,0.970545470897726,16206000.0,0.0,5.0,4.0,9.0,0.4444444444444444
PLAN,2025-09-03,60.0,11081300.0,,1.0,,,,,,,1,XL,0.722432324252849,396439800.0,-18007900.0,10.0,10.0,20.0,0.25
PLAS,2025-09-03,,,,,,,,,,,0,,,,,,,,
PLIN,2025-09-03,,,,,,,,,,,0,,,,,,,,
PMJS,2025-09-03,119.0,207500.0,,1.0,,,,,,,1,YP,0.8857602874255068,43926500.0,0.0,8.0,7.0,15.0,0.3333333333333333
PMMP,2025-09-03,,,,,,,,,,,0,,,,,,,,
PMUI,2025-09-03,,,,,,,,,,,0,,,,,,,,
PNBN,2025-09-03,1150.0,4732500.0,,1.0,,,,,,,0,DR,0.5047247320182792,1187195000.0,-539022000.0,10.0,10.0,20.0,0.25
PNBS,2025-09-03,58.0,153754900.0,,1.0,,,,,,,1,XL,0.4998958426899724,149807600.0,-15413300.0,10.0,10.0,20.0,0.3
PNGO,2025-09-03,2530.0,14700.0,,1.0,,,,,,,0,XL,0.98295212604173,62443000.0,0.0,4.0,10.0,14.0,0.2857142857142857
PNIN,2025-09-03,845.0,633800.0,,1.0,,,,,,,0,XL,0.4222044931292172,195014000.0,-31994000.0,10.0,7.0,17.0,0.2352941176470588
PNLF,2025-09-03,258.0,72666400.0,,1.0,,,,,,,1,SQ,0.3764215908428945,1714340400.0,-273495200.0,10.0,10.0,20.0,0.25
PNSE,2025-09-03,825.0,792800.0,,1.0,,,,,,,0,NI,0.9857572880260208,258524000.0,7708500.0,7.0,10.0,17.0,0.2941176470588235
POLA,2025-09-03,24.0,5616200.0,,1.0,,,,,,,1,CC,0.5238064371094381,60247800.0,-6592200.0,10.0,6.0,16.0,0.3125
POLI,2025-09-03,785.0,200.0,,1.0,,,,,,,0,XL,0.9146680800318008,2646500.0,0.0,3.0,3.0,6.0,0.5
POLL,2025-09-03,,,,,,,,,,,0,,,,,,,,
POLU,2025-09-03,7200.0,236900.0,,1.0,,,,,,,0,XL,0.9038850349277836,157892500.0,0.0,10.0,5.0,15.0,0.3333333333333333
POLY,2025-09-03,24.0,124200.0,,1.0,,,,,,,1,CC,0.7776823711068429,6898300.0,0.0,9.0,4.0,13.0,0.4615384615384615
POOL,2025-09-03,,,,,,,,,,,0,,,,,,,,
PORT,2025-09-03,920.0,220400.0,,1.0,,,,,,,0,XL,0.997045009176024,30039000.0,0.0,3.0,9.0,12.0,0.4166666666666667
POSA,2025-09-03,,,,,,,,,,,0,,,,,,,,
POWR,2025-09-03,710.0,2129600.0,,1.0,,,,,,,0,CD,0.5523571967014043,176250000.0,20321500.0,10.0,10.0,20.0,0.25
PPGL,2025-09-03,105.0,52900.0,,1.0,,,,,,,1,PD,0.8998789943082508,10047200.0,0.0,3.0,8.0,11.0,0.4545454545454545
PPRE,2025-09-03,123.0,963029900.0,,1.0,,,,,,,1,XL,0.8179065982829152,206331600.0,11801800.0,10.0,10.0,20.0,0.25
PPRI,2025-09-03,260.0,7372700.0,,1.0,,,,,,,1,YP,0.7159490732449081,946087600.0,-134114400.0,10.0,10.0,20.0,0.2
PPRO,2025-09-03,,,,,,,,,,,0,,,,,,,,
PRAY,2025-09-03,695.0,22600.0,,1.0,,,,,,,0,LG,0.616762251315113,24743000.0,0.0,8.0,5.0,13.0,0.3076923076923077
PRDA,2025-09-03,2670.0,85900.0,,1.0,,,,,,,0,KI,0.5468268590626887,24479000.0,-811000.0,10.0,8.0,18.0,0.2777777777777778
PRIM,2025-09-03,94.0,145780400.0,,1.0,,,,,,,1,CC,0.6436488349858817,362619000.0,-51294900.0,10.0,10.0,20.0,0.3
PSAB,2025-09-03,610.0,329136300.0,,1.0,,,,,,,0,CP,0.3648473621419706,5924021500.0,-6497181500.0,10.0,10.0,20.0,0.2
PSAT,2025-09-03,,,,,,,,,,,0,,,,,,,,
PSDN,2025-09-03,99.0,23649000.0,,1.0,,,,,,,1,XC,0.9390212643104412,27977100.0,92100.0,7.0,10.0,17.0,0.2941176470588235
PSGO,2025-09-03,206.0,1661400.0,,1.0,,,,,,,1,CC,0.919995965824034,351110400.0,-690600.0,10.0,6.0,16.0,0.3125
PSKT,2025-09-03,117.0,23121800.0,,1.0,,,,,,,1,YP,0.9235844219802656,212131700.0,1128300.0,8.0,10.0,18.0,0.2222222222222222
PSSI,2025-09-03,352.0,3519700.0,,1.0,,,,,,,1,XL,0.6413594632120423,26338000.0,0.0,9.0,4.0,13.0,0.3846153846153846
PTBA,2025-09-03,2420.0,8285200.0,,1.0,,,,,,,0,SQ,0.5948507367215303,2962044000.0,-172487000.0,10.0,10.0,20.0,0.25
PTDU,2025-09-03,,,,,,,,,,,0,,,,,,,,
PTIS,2025-09-03,404.0,170900.0,,1.0,,,,,,,1,AZ,0.98083410071837,135251800.0,0.0,5.0,7.0,12.0,0.4166666666666667
PTMP,2025-09-03,99.0,14761700.0,,1.0,,,,,,,1,XL,0.404585585758723,200057700.0,-160092300.0,10.0,7.0,17.0,0.2941176470588235
PTMR,2025-09-03,,,,,,,,,,,0,,,,,,,,
PTPP,2025-09-03,404.0,117359400.0,,1.0,,,,,,,1,AT,0.5616722831928768,721108400.0,247126400.0,10.0,10.0,20.0,0.2
PTPS,2025-09-03,178.0,17385700.0,,1.0,,,,,,,1,MG,0.5960766140965792,382300000.0,18801700.0,10.0,10.0,20.0,0.3
PTPW,2025-09-03,950.0,29200.0,,1.0,,,,,,,0,SH,0.7265630978801562,5170000.0,0.0,4.0,2.0,6.0,0.1666666666666666
PTRO,2025-09-03,3700.0,16986200.0,,1.0,,,,,,,0,YU,0.410830109559508,5578118000.0,-358446000.0,10.0,10.0,20.0,0.25
PTSN,2025-09-03,510.0,30018100.0,,1.0,,,,,,,0,XC,0.6553006664292397,1033332800.0,-23749000.0,10.0,10.0,20.0,0.25
PTSP,2025-09-03,1025.0,25900.0,,1.0,,,,,,,0,XL,0.9990631387690212,105071000.0,0.0,3.0,6.0,9.0,0.4444444444444444
PUDP,2025-09-03,230.0,29100.0,,1.0,,,,,,,1,CC,0.5851303539534454,15473800.0,0.0,10.0,9.0,19.0,0.3157894736842105
PURA,2025-09-03,28.0,16053400.0,,1.0,,,,,,,1,XL,0.8372996922157454,175838700.0,206700.0,10.0,10.0,20.0,0.25
PURE,2025-09-03,,,,,,,,,,,0,,,,,,,,
PURI,2025-09-03,189.0,271000.0,,1.0,,,,,,,1,DH,0.768196481261285,18600000.0,0.0,10.0,5.0,15.0,0.4
PWON,2025-09-03,370.0,42250900.0,,1.0,,,,,,,1,KZ,0.6218976010484939,5922117200.0,1669544600.0,10.0,10.0,20.0,0.2
PYFA,2025-09-03,640.0,11371900.0,,1.0,,,,,,,0,XL,0.7714132209631493,5033396000.0,132223000.0,10.0,10.0,20.0,0.2
PZZA,2025-09-03,210.0,2748800.0,,1.0,,,,,,,1,YB,0.9185108948628348,273301000.0,209000.0,9.0,10.0,19.0,0.2631578947368421
RAAM,2025-09-03,290.0,21228400.0,,1.0,,,,,,,1,PD,0.4869770500890303,117353600.0,16964800.0,10.0,10.0,20.0,0.3
RAFI,2025-09-03,,,,,,,,,,,0,,,,,,,,
RAJA,2025-09-03,2700.0,20883900.0,,1.0,,,,,,,0,NI,0.4046738595397444,2782150000.0,1387734000.0,10.0,10.0,20.0,0.25
RALS,2025-09-03,390.0,3375200.0,,1.0,,,,,,,1,PD,0.378097880918876,113506400.0,-10799400.0,10.0,10.0,20.0,0.25
RANC,2025-09-03,410.0,17400.0,,1.0,,,,,,,1,CC,0.9684756888787116,2121600.0,0.0,4.0,3.0,7.0,0.4285714285714285
RATU,2025-09-03,,,,,,,,,,,0,,,,,,,,
RBMS,2025-09-03,34.0,1504500.0,,1.0,,,,,,,1,AZ,0.5341162448657161,17547600.0,-367500.0,10.0,6.0,16.0,0.3125
RCCC,2025-09-03,185.0,912300.0,,1.0,,,,,,,1,XA,0.5419680821690872,2265500.0,0.0,8.0,3.0,11.0,0.4545454545454545
RDTX,2025-09-03,12025.0,500.0,,1.0,,,,,,,0,YP,0.6638064425376283,6070000.0,0.0,4.0,4.0,8.0,0.5
REAL,2025-09-03,46.0,17484700.0,,1.0,,,,,,,1,CP,0.8689546301396452,148218800.0,36900.0,6.0,10.0,16.0,0.3125
RELF,2025-09-03,51.0,69656300.0,,1.0,,,,,,,1,XC,0.8463986934639869,569573300.0,10807800.0,10.0,10.0,20.0,0.25
RELI,2025-09-03,655.0,101400.0,,1.0,,,,,,,0,KI,0.6484087756393854,13712500.0,19500.0,9.0,10.0,19.0,0.2631578947368421
RGAS,2025-09-03,118.0,30141100.0,,1.0,,,,,,,1,AT,0.6168404249572227,634199300.0,-76956100.0,10.0,10.0,20.0,0.2
RICY,2025-09-03,58.0,1867800.0,,1.0,,,,,,,1,PD,0.6461490875347974,22085100.0,0.0,9.0,9.0,18.0,0.2222222222222222
RIGS,2025-09-03,810.0,1815700.0,,1.0,,,,,,,0,AZ,0.9377368265691548,149697000.0,0.0,9.0,7.0,16.0,0.3125
RIMO,2025-09-03,,,,,,,,,,,0,,,,,,,,
RISE,2025-09-03,1010.0,942500.0,,1.0,,,,,,,0,FZ,0.4711722961654433,73950000.0,0.0,10.0,8.0,18.0,0.0555555555555555
RMKE,2025-09-03,950.0,8238200.0,,1.0,,,,,,,0,IN,0.3845596991615604,606980000.0,472297500.0,10.0,10.0,20.0,0.15
RMKO,2025-09-03,158.0,113983500.0,,1.0,,,,,,,1,CP,0.7929944289164448,700872900.0,49894800.0,10.0,10.0,20.0,0.25
ROCK,2025-09-03,625.0,8700.0,,1.0,,,,,,,0,XL,0.5454545454545454,2125000.0,0.0,8.0,3.0,11.0,0.4545454545454545
RODA,2025-09-03,46.0,204000.0,,1.0,,,,,,,1,PD,0.9743326488706364,5895000.0,0.0,6.0,5.0,11.0,0.4545454545454545
RONY,2025-09-03,,,,,,,,,,,0,,,,,,,,
ROTI,2025-09-03,800.0,193200.0,,1.0,,,,,,,0,SQ,0.5010090267856571,39998500.0,-159000.0,10.0,8.0,18.0,0.2777777777777778
RSCH,2025-09-03,370.0,3553100.0,,1.0,,,,,,,1,CP,0.7562907564095654,1619348800.0,35047200.0,10.0,10.0,20.0,0.1
RSGK,2025-09-03,,,,,,,,,,,0,,,,,,,,
RUIS,2025-09-03,224.0,677800.0,,1.0,,,,,,,1,PD,0.7050726088020104,43129400.0,1153200.0,7.0,10.0,17.0,0.2941176470588235
RUNS,2025-09-03,121.0,1857200.0,,1.0,,,,,,,1,NI,1.0,26263800.0,106400.0,2.0,10.0,12.0,0.4166666666666667
SAFE,2025-09-03,186.0,244000.0,,1.0,,,,,,,1,ZR,0.6685090240938861,16976500.0,0.0,9.0,8.0,17.0,0.2941176470588235
SAGE,2025-09-03,41.0,5313800.0,,1.0,,,,,,,1,XL,0.5822083500643978,162028300.0,-2397900.0,10.0,10.0,20.0,0.25
SAME,2025-09-03,350.0,1186300.0,,1.0,,,,,,,1,LG,0.7417377692911408,252059600.0,3449400.0,10.0,10.0,20.0,0.2
SAMF,2025-09-03,334.0,222400.0,,1.0,,,,,,,1,OD,0.575319915186515,11235600.0,-488800.0,10.0,6.0,16.0,0.3125
SAPX,2025-09-03,312.0,320600.0,,1.0,,,,,,,1,XL,0.7438473805025697,52050600.0,206800.0,9.0,10.0,19.0,0.2105263157894736
SATU,2025-09-03,248.0,12570100.0,,1.0,,,,,,,1,BR,0.7420650653595151,115948400.0,-3611800.0,10.0,10.0,20.0,0.15
SBAT,2025-09-03,,,,,,,,,,,0,,,,,,,,
SBMA,2025-09-03,136.0,2369800.0,,1.0,,,,,,,1,XL,0.6848286808782322,69767500.0,0.0,10.0,9.0,19.0,0.2631578947368421
SCCO,2025-09-03,2320.0,62300.0,,1.0,,,,,,,0,PD,0.8742576204523107,73861000.0,698000.0,5.0,10.0,15.0,0.3333333333333333
SCMA,2025-09-03,332.0,194190200.0,,1.0,,,,,,,1,YU,0.3241839944276095,4505281000.0,-1888149400.0,10.0,10.0,20.0,0.2
SCNP,2025-09-03,183.0,43100.0,,1.0,,,,,,,1,CC,0.9542706490969354,10483400.0,0.0,6.0,6.0,12.0,0.4166666666666667
SCPI,2025-09-03,,,,,,,,,,,0,,,,,,,,
SDMU,2025-09-03,50.0,1759300.0,,1.0,,,,,,,1,XL,0.7076072089955096,154902400.0,-189000.0,10.0,7.0,17.0,0.3529411764705882
SDPC,2025-09-03,134.0,350100.0,,1.0,,,,,,,1,XC,0.8378818582981383,2415500.0,0.0,4.0,4.0,8.0,0.625
SDRA,2025-09-03,302.0,230800.0,,1.0,,,,,,,1,KK,0.6111345327757711,5597000.0,0.0,6.0,8.0,14.0,0.3571428571428571
SEMA,2025-09-03,102.0,30576000.0,,1.0,,,,,,,1,CC,0.9464228064002438,40760500.0,0.0,8.0,9.0,17.0,0.2941176470588235
SFAN,2025-09-03,1915.0,73500.0,,1.0,,,,,,,0,EL,0.425,19584000.0,0.0,7.0,6.0,13.0,0.0769230769230769
SGER,2025-09-03,334.0,185854400.0,,1.0,,,,,,,1,RO,0.6312576587665841,4204460000.0,-343078400.0,10.0,10.0,20.0,0.25
SGRO,2025-09-03,4390.0,1847000.0,,1.0,,,,,,,0,RF,0.6265126455766705,3451888000.0,-205773000.0,10.0,10.0,20.0,0.25
SHID,2025-09-03,915.0,4000.0,,1.0,,,,,,,0,NI,1.0,3477000.0,0.0,2.0,5.0,7.0,0.5714285714285714
SHIP,2025-09-03,4500.0,46400.0,,1.0,,,,,,,0,XL,0.8413049488526403,14229000.0,0.0,5.0,5.0,10.0,0.5
SICO,2025-09-03,124.0,7716200.0,,1.0,,,,,,,1,PD,0.653864275584934,66923300.0,-2952800.0,10.0,10.0,20.0,0.25
SIDO,2025-09-03,525.0,16849500.0,,1.0,,,,,,,0,AK,0.6595206679565917,1786179000.0,259538500.0,10.0,10.0,20.0,0.2
SILO,2025-09-03,2190.0,616000.0,,1.0,,,,,,,0,DP,0.7361324536400904,1506587000.0,-30268000.0,10.0,10.0,20.0,0.25
SIMA,2025-09-03,,,,,,,,,,,0,,,,,,,,
SIMP,2025-09-03,655.0,25726500.0,,1.0,,,,,,,0,PD,0.4814430569795586,622397000.0,-4163000.0,10.0,10.0,20.0,0.25
SINI,2025-09-03,3620.0,536900.0,,1.0,,,,,,,0,YP,0.5376110713920947,61320000.0,0.0,7.0,5.0,12.0,0.4166666666666667
SIPD,2025-09-03,740.0,1200.0,,1.0,,,,,,,0,XC,0.902439024390244,444000.0,0.0,3.0,2.0,5.0,0.4
SKBM,2025-09-03,360.0,165200.0,,1.0,,,,,,,1,XL,1.0,6711000.0,0.0,2.0,6.0,8.0,0.625
SKLT,2025-09-03,196.0,498800.0,,1.0,,,,,,,1,KK,0.9804312204106834,101375500.0,426900.0,4.0,10.0,14.0,0.3571428571428571
SKRN,2025-09-03,406.0,761200.0,,1.0,,,,,,,1,XL,0.9857153893411716,47616200.0,0.0,4.0,7.0,11.0,0.3636363636363636
SKYB,2025-09-03,,,,,,,,,,,0,,,,,,,,
SLIS,2025-09-03,105.0,1798415300.0,,1.0,,,,,,,1,XL,0.6611088525174746,5353000000.0,1259591300.0,10.0,10.0,20.0,0.25
SMAR,2025-09-03,5975.0,210800.0,,1.0,,,,,,,0,PD,0.3514158410489656,114907500.0,-1095000.0,10.0,10.0,20.0,0.25
SMBR,2025-09-03,296.0,75060000.0,,1.0,,,,,,,1,SQ,0.4288407091422616,320292600.0,-307518600.0,10.0,10.0,20.0,0.25
SMCB,2025-09-03,,,,,,,,,,,0,,,,,,,,
SMDM,2025-09-03,830.0,97700.0,,1.0,,,,,,,0,XL,0.932479662777386,33002000.0,406000.0,5.0,10.0,15.0,0.3333333333333333
SMDR,2025-09-03,340.0,31139600.0,,1.0,,,,,,,1,CC,0.6197531024493096,1237992800.0,46300400.0,10.0,10.0,20.0,0.15
SMGA,2025-09-03,106.0,40939600.0,,1.0,,,,,,,1,AK,0.4735180118180732,772852200.0,87681000.0,10.0,10.0,20.0,0.25
SMGR,2025-09-03,2800.0,11042700.0,,1.0,,,,,,,0,DX,0.7410482568895068,4129691000.0,-361446000.0,10.0,10.0,20.0,0.2
SMIL,2025-09-03,486.0,155414900.0,,1.0,,,,,,,1,XC,0.3711778706386776,2900583400.0,-2919735100.0,10.0,10.0,20.0,0.15
SMKL,2025-09-03,167.0,406300.0,,1.0,,,,,,,1,AZ,0.9622358570480092,15949600.0,0.0,4.0,7.0,11.0,0.3636363636363636
SMKM,2025-09-03,155.0,82622400.0,,1.0,,,,,,,1,,,,,,,,
SMLE,2025-09-03,151.0,752900.0,,1.0,,,,,,,1,AI,0.5018933587022864,42448000.0,310200.0,10.0,10.0,20.0,0.3
SMMA,2025-09-03,16575.0,116300.0,,1.0,,,,,,,0,AZ,0.5463649444383447,145952500.0,65000.0,9.0,10.0,19.0,0.2631578947368421
SMMT,2025-09-03,1090.0,195000.0,,1.0,,,,,,,0,PD,0.9912518790713212,21538500.0,109000.0,3.0,10.0,13.0,0.3846153846153846
SMRA,2025-09-03,450.0,39927600.0,,1.0,,,,,,,1,PD,0.5667388046831415,2452067600.0,-351610600.0,10.0,10.0,20.0,0.2
SMRU,2025-09-03,,,,,,,,,,,0,,,,,,,,
SMSM,2025-09-03,1945.0,679000.0,,1.0,,,,,,,0,RX,0.7223490399952526,574801000.0,-3778000.0,10.0,10.0,20.0,0.25
SNLK,2025-09-03,470.0,7110600.0,,1.0,,,,,,,1,BR,0.3744651936913604,100936800.0,44439200.0,10.0,10.0,20.0,0.05
SOCI,2025-09-03,192.0,21178600.0,,1.0,,,,,,,1,PD,0.603978313373812,372911600.0,92396900.0,6.0,10.0,16.0,0.3125
SOFA,2025-09-03,49.0,8294900.0,,1.0,,,,,,,1,XC,0.56396697902722,62350100.0,35300.0,8.0,10.0,18.0,0.2777777777777778
SOHO,2025-09-03,755.0,10300.0,,1.0,,,,,,,0,EP,0.9815367249858904,11921500.0,0.0,3.0,9.0,12.0,0.4166666666666667
SOLA,2025-09-03,146.0,46956000.0,,1.0,,,,,,,1,XL,0.4328711070260131,1467226700.0,-1023280200.0,10.0,10.0,20.0,0.25
SONA,2025-09-03,4600.0,579800.0,,1.0,,,,,,,0,NI,0.8349920656823513,387010000.0,12383000.0,10.0,10.0,20.0,0.25
SOSS,2025-09-03,1015.0,694700.0,,1.0,,,,,,,0,XL,0.8371064538725128,200784000.0,7498500.0,9.0,10.0,19.0,0.2631578947368421
SOTS,2025-09-03,266.0,2800.0,,1.0,,,,,,,1,OD,0.6639555235251724,1675000.0,0.0,5.0,6.0,11.0,0.3636363636363636
SOUL,2025-09-03,80.0,4480300.0,,1.0,,,,,,,1,XC,0.9877043548282104,72052800.0,3522000.0,3.0,10.0,13.0,0.3846153846153846
SPMA,2025-09-03,294.0,148500.0,,1.0,,,,,,,1,YP,0.7973296133917895,8904400.0,0.0,8.0,7.0,15.0,0.2666666666666666
SPRE,2025-09-03,78.0,4393700.0,,1.0,,,,,,,1,XC,0.6244846684770624,205028100.0,-21228100.0,10.0,10.0,20.0,0.25
SPTO,2025-09-03,670.0,972700.0,,1.0,,,,,,,0,CC,0.6569813628005784,325828500.0,-8263000.0,10.0,5.0,15.0,0.3333333333333333
SQMI,2025-09-03,,,,,,,,,,,0,,,,,,,,
SRAJ,2025-09-03,8200.0,519100.0,,1.0,,,,,,,0,AK,0.5729387863401013,6670052500.0,-1606202500.0,10.0,10.0,20.0,0.1
SRIL,2025-09-03,,,,,,,,,,,0,,,,,,,,
SRSN,2025-09-03,68.0,70046400.0,,1.0,,,,,,,1,KK,0.7762089524077738,429894500.0,91792000.0,10.0,10.0,20.0,0.25
SRTG,2025-09-03,1895.0,10294900.0,,1.0,,,,,,,0,OD,0.4767875561771749,1138377500.0,596904500.0,10.0,10.0,20.0,0.15
SSIA,2025-09-03,2230.0,20267900.0,,1.0,,,,,,,0,AK,0.3904966352823717,3117516000.0,-1340761000.0,10.0,10.0,20.0,0.2
SSMS,2025-09-03,1470.0,7944900.0,,1.0,,,,,,,0,KK,0.560178491982592,392967500.0,-136722000.0,10.0,10.0,20.0,0.15
SSTM,2025-09-03,320.0,4869600.0,,1.0,,,,,,,1,YP,0.8858458245207942,25216200.0,0.0,7.0,9.0,16.0,0.3125
STAA,2025-09-03,1035.0,14041100.0,,1.0,,,,,,,0,YU,0.7197859690844233,1999758000.0,372765500.0,9.0,10.0,19.0,0.1578947368421052
STAR,2025-09-03,43.0,603100.0,,1.0,,,,,,,1,YP,1.0,27226400.0,0.0,1.0,9.0,10.0,0.5
STRK,2025-09-03,189.0,65848600.0,,1.0,,,,,,,1,AK,0.6910042480211099,1112081800.0,332770800.0,10.0,10.0,20.0,0.15
STTP,2025-09-03,10400.0,1300.0,,1.0,,,,,,,0,,,,,,,,
SUGI,2025-09-03,,,,,,,,,,,0,,,,,,,,
SULI,2025-09-03,97.0,2279100.0,,1.0,,,,,,,1,TP,0.5888390053455543,24470600.0,30400.0,10.0,10.0,20.0,0.2
SUNI,2025-09-03,780.0,407900.0,,1.0,,,,,,,0,XL,0.4607984698182909,85045500.0,1474500.0,10.0,10.0,20.0,0.2
SUPR,2025-09-03,,,,,,,,,,,0,,,,,,,,
SURE,2025-09-03,3020.0,2800.0,,1.0,,,,,,,0,XC,1.0,3685000.0,0.0,2.0,6.0,8.0,0.5
SURI,2025-09-03,113.0,725479500.0,,1.0,,,,,,,1,XL,0.4767897654548272,1504121400.0,-479108600.0,10.0,10.0,20.0,0.25
SWAT,2025-09-03,,,,,,,,,,,0,,,,,,,,
SWID,2025-09-03,93.0,2644200.0,,1.0,,,,,,,1,YP,0.8141303550826936,79520700.0,-13500.0,10.0,10.0,20.0,0.25
TALF,2025-09-03,370.0,91100.0,,1.0,,,,,,,1,XC,0.8345659563445282,17995800.0,0.0,7.0,6.0,13.0,0.3846153846153846
TAMA,2025-09-03,33.0,1400300.0,,1.0,,,,,,,1,XL,0.9634958311553656,11419300.0,0.0,7.0,7.0,14.0,0.3571428571428571
TAMU,2025-09-03,27.0,9744500.0,,1.0,,,,,,,1,XL,0.3819740868054244,99640000.0,-16295000.0,10.0,10.0,20.0,0.25
TAPG,2025-09-03,1430.0,10561400.0,,1.0,,,,,,,0,IF,0.6241456044464797,1869991000.0,148898000.0,10.0,10.0,20.0,0.25
TARA,2025-09-03,30.0,1883200.0,,1.0,,,,,,,1,OD,0.8943191311612364,16214800.0,28000.0,3.0,10.0,13.0,0.3846153846153846
TAXI,2025-09-03,15.0,470916300.0,,1.0,,,,,,,1,XL,0.6258505751892343,579593000.0,-139042400.0,10.0,10.0,20.0,0.25
TAYS,2025-09-03,77.0,408842800.0,,1.0,,,,,,,1,CP,0.5429252453524666,691580300.0,42768500.0,10.0,10.0,20.0,0.2
TBIG,2025-09-03,1805.0,2458000.0,,1.0,,,,,,,0,AK,0.8408905108789073,1519646500.0,-66203000.0,10.0,7.0,17.0,0.2941176470588235
TBLA,2025-09-03,760.0,4499500.0,,1.0,,,,,,,0,XL,0.6051099839571994,377259000.0,2298500.0,10.0,10.0,20.0,0.25
TBMS,2025-09-03,1045.0,11300.0,,1.0,,,,,,,0,PD,0.7711381587466011,9485500.0,0.0,7.0,4.0,11.0,0.4545454545454545
TCID,2025-09-03,2470.0,5500.0,,1.0,,,,,,,0,CP,1.0,2500000.0,0.0,2.0,3.0,5.0,0.6
TCPI,2025-09-03,5725.0,9988100.0,,1.0,,,,,,,0,AK,0.8481902194840201,692425000.0,18145000.0,8.0,10.0,18.0,0.1666666666666666
TDPM,2025-09-03,,,,,,,,,,,0,,,,,,,,
TEBE,2025-09-03,1780.0,10342300.0,,1.0,,,,,,,0,XL,0.4873252940631892,1838667500.0,-620320500.0,10.0,10.0,20.0,0.2
TECH,2025-09-03,,,,,,,,,,,0,,,,,,,,
TELE,2025-09-03,,,,,,,,,,,0,,,,,,,,
TFAS,2025-09-03,133.0,132900.0,,1.0,,,,,,,1,PG,0.9491424571228562,4758000.0,25000.0,5.0,10.0,15.0,0.4
TFCO,2025-09-03,,,,,,,,,,,0,,,,,,,,
TGKA,2025-09-03,5800.0,2300.0,,1.0,,,,,,,0,XC,0.6502155172413793,4065000.0,0.0,8.0,1.0,9.0,0.5555555555555556
TGRA,2025-09-03,,,,,,,,,,,0,,,,,,,,
TGUK,2025-09-03,,,,,,,,,,,0,,,,,,,,
TIFA,2025-09-03,412.0,26900.0,,1.0,,,,,,,1,CC,0.9757383966244726,1583600.0,0.0,4.0,3.0,7.0,0.5714285714285714
TINS,2025-09-03,1065.0,46332300.0,,1.0,,,,,,,0,CC,0.6004728036814432,4427359000.0,2710601000.0,10.0,10.0,20.0,0.25
TIRA,2025-09-03,1635.0,38300.0,,1.0,,,,,,,0,XL,0.9165610204134432,16093000.0,0.0,7.0,5.0,12.0,0.25
TIRT,2025-09-03,,,,,,,,,,,0,,,,,,,,
TKIM,2025-09-03,7725.0,3590400.0,,1.0,,,,,,,0,MG,0.5591651732053796,12855157500.0,7104915000.0,10.0,10.0,20.0,0.25
TLDN,2025-09-03,765.0,10188800.0,,1.0,,,,,,,0,OD,0.6222367206539567,124409500.0,0.0,10.0,9.0,19.0,0.2631578947368421
TLKM,2025-09-03,3110.0,113875700.0,,1.0,,,,,,,0,AK,0.6082201541777378,35997794000.0,-9823445000.0,10.0,10.0,20.0,0.2
TMAS,2025-09-03,134.0,11671200.0,,1.0,,,,,,,1,LS,0.9111293256876004,314980100.0,1033900.0,10.0,10.0,20.0,0.25
TMPO,2025-09-03,268.0,255982800.0,,1.0,,,,,,,1,XL,0.700525015891343,3945669200.0,-536270800.0,10.0,10.0,20.0,0.25
TNCA,2025-09-03,176.0,3910700.0,,1.0,,,,,,,1,PD,0.586752448874377,14054000.0,190700.0,9.0,10.0,19.0,0.2105263157894736
TOBA,2025-09-03,1255.0,75445000.0,,1.0,,,,,,,0,XA,0.3739180632555656,6984305000.0,-5783400500.0,10.0,10.0,20.0,0.2
TOOL,2025-09-03,64.0,63934500.0,,1.0,,,,,,,1,XC,0.7608665740519326,114768500.0,1209200.0,10.0,10.0,20.0,0.25
TOPS,2025-09-03,,,,,,,,,,,0,,,,,,,,
TOSK,2025-09-03,72.0,1055517700.0,,1.0,,,,,,,1,BQ,0.3059310505744006,88582900.0,7406900.0,10.0,10.0,20.0,0.2
TOTL,2025-09-03,760.0,1390600.0,,1.0,,,,,,,0,AK,0.4791273410143882,122012000.0,406500.0,10.0,10.0,20.0,0.2
TOTO,2025-09-03,256.0,814900.0,,1.0,,,,,,,1,XL,0.8280634977402825,82848200.0,51000.0,9.0,10.0,19.0,0.2631578947368421
TOWR,2025-09-03,595.0,47211500.0,,1.0,,,,,,,0,XL,0.3346498432866431,2528995500.0,-3020161000.0,10.0,10.0,20.0,0.2
TOYS,2025-09-03,,,,,,,,,,,0,,,,,,,,
TPIA,2025-09-03,8175.0,6490300.0,,1.0,,,,,,,0,OD,0.4034241122772796,6235662500.0,-3986282500.0,10.0,10.0,20.0,0.25
TPMA,2025-09-03,590.0,2995100.0,,1.0,,,,,,,0,CC,0.4435734347327239,274460500.0,-17930000.0,10.0,10.0,20.0,0.25
TRAM,2025-09-03,,,,,,,,,,,0,,,,,,,,
TRGU,2025-09-03,174.0,1457000.0,,1.0,,,,,,,1,YP,0.5788742150812357,33617900.0,-18000.0,10.0,7.0,17.0,0.2941176470588235
TRIL,2025-09-03,,,,,,,,,,,0,,,,,,,,
TRIM,2025-09-03,380.0,1140800.0,,1.0,,,,,,,1,RF,0.9434239883058932,229550000.0,1540200.0,6.0,10.0,16.0,0.3125
TRIN,2025-09-03,93.0,2350100.0,,1.0,,,,,,,1,XL,0.5667748210058224,161995200.0,-39926100.0,10.0,6.0,16.0,0.25
TRIO,2025-09-03,,,,,,,,,,,0,,,,,,,,
TRIS,2025-09-03,197.0,2382800.0,,1.0,,,,,,,1,CC,0.7110051094477648,18022500.0,-56900.0,10.0,9.0,19.0,0.2631578947368421
TRJA,2025-09-03,138.0,800600.0,,1.0,,,,,,,1,OD,0.6339729780707415,13217800.0,0.0,10.0,7.0,17.0,0.2941176470588235
TRON,2025-09-03,92.0,5570500.0,,1.0,,,,,,,1,EP,0.4215422799981961,123575900.0,-56754600.0,10.0,5.0,15.0,0.2666666666666666
TRST,2025-09-03,500.0,49700.0,,1.0,,,,,,,0,AZ,0.9934214897999868,14898200.0,0.0,4.0,2.0,6.0,0.5
TRUE,2025-09-03,58.0,20381800.0,,1.0,,,,,,,1,XL,0.841378230012911,367315100.0,1384800.0,10.0,10.0,20.0,0.2
TRUK,2025-09-03,202.0,918600.0,,1.0,,,,,,,1,LG,0.9132561856658782,42660000.0,368200.0,7.0,10.0,17.0,0.2352941176470588
TRUS,2025-09-03,480.0,20900.0,,1.0,,,,,,,1,OD,0.7808718129479497,1099200.0,0.0,5.0,1.0,6.0,0.3333333333333333
TSPC,2025-09-03,2240.0,679800.0,,1.0,,,,,,,0,EP,0.639997566707435,337500000.0,-1112000.0,10.0,10.0,20.0,0.2
TUGU,2025-09-03,965.0,3112500.0,,1.0,,,,,,,0,CC,0.5940827986694556,747856000.0,-27609000.0,10.0,10.0,20.0,0.25
TYRE,2025-09-03,131.0,1784300.0,,1.0,,,,,,,1,KK,0.7322723581289983,5680200.0,0.0,7.0,4.0,11.0,0.3636363636363636
UANG,2025-09-03,705.0,1745600.0,,1.0,,,,,,,0,XL,0.5305961876401172,459015000.0,2751000.0,10.0,10.0,20.0,0.2
UCID,2025-09-03,460.0,5169100.0,,1.0,,,,,,,1,YP,0.8204936357278614,1115197200.0,-10171000.0,10.0,9.0,19.0,0.2105263157894736
UDNG,2025-09-03,,,,,,,,,,,0,,,,,,,,
UFOE,2025-09-03,177.0,140600.0,,1.0,,,,,,,1,YP,0.5650289530711571,2125000.0,0.0,9.0,3.0,12.0,0.3333333333333333
ULTJ,2025-09-03,1280.0,2314400.0,,1.0,,,,,,,0,AH,0.53702787475652,533950000.0,-31405500.0,10.0,10.0,20.0,0.3
UNIC,2025-09-03,8050.0,1200.0,,1.0,,,,,,,0,XL,1.0,15180000.0,0.0,2.0,5.0,7.0,0.5714285714285714
UNIQ,2025-09-03,382.0,52901900.0,,1.0,,,,,,,1,CC,0.6314362776976526,1972987400.0,-25919400.0,10.0,10.0,20.0,0.25
UNIT,2025-09-03,,,,,,,,,,,0,,,,,,,,
UNSP,2025-09-03,171.0,618500.0,,1.0,,,,,,,1,CP,0.876302141996197,108550000.0,0.0,9.0,9.0,18.0,0.2777777777777778
UNTD,2025-09-03,84.0,14721600.0,,1.0,,,,,,,1,CC,0.6536447445980301,102737600.0,14257200.0,10.0,10.0,20.0,0.15
UNTR,2025-09-03,25600.0,5081600.0,,1.0,,,,,,,0,YU,0.7029504524322995,51615662500.0,26135097500.0,10.0,10.0,20.0,0.2
UNVR,2025-09-03,1710.0,11426700.0,,1.0,,,,,,,0,CC,0.6382087157511339,6245483000.0,-535428500.0,10.0,10.0,20.0,0.25
URBN,2025-09-03,143.0,1526400.0,,1.0,,,,,,,1,XL,0.7729137380288382,237528500.0,-19423800.0,10.0,10.0,20.0,0.25
UVCR,2025-09-03,74.0,2283400.0,,1.0,,,,,,,1,XL,0.6020061045714699,117299700.0,-3560300.0,10.0,10.0,20.0,0.2
VAST,2025-09-03,177.0,5241300.0,,1.0,,,,,,,1,RG,0.3961689444832655,137062200.0,-22261800.0,10.0,10.0,20.0,0.2
VERN,2025-09-03,142.0,108169100.0,,1.0,,,,,,,1,GR,0.5568300485090975,113439900.0,10209400.0,10.0,10.0,20.0,0.15
VICI,2025-09-03,615.0,549900.0,,1.0,,,,,,,0,PC,0.4802158801710164,50552500.0,128000.0,10.0,10.0,20.0,0.15
VICO,2025-09-03,183.0,1078300.0,,1.0,,,,,,,1,GR,0.5440469226428671,7280000.0,0.0,9.0,5.0,14.0,0.2857142857142857
VINS,2025-09-03,126.0,32400.0,,1.0,,,,,,,1,YP,0.9135153700841492,2520000.0,0.0,5.0,3.0,8.0,0.5
VISI,2025-09-03,142.0,7157000.0,,1.0,,,,,,,1,AO,0.3327556069066808,106717200.0,-22006900.0,10.0,10.0,20.0,0.2
VIVA,2025-09-03,31.0,16866700.0,,1.0,,,,,,,1,OD,0.5094203301283833,78459500.0,2914500.0,7.0,10.0,17.0,0.2941176470588235
VKTR,2025-09-03,124.0,78998400.0,,1.0,,,,,,,1,YP,0.3099525215271301,143800200.0,-105051800.0,10.0,10.0,20.0,0.2
VOKS,2025-09-03,268.0,541600.0,,1.0,,,,,,,1,OD,0.6143800381416369,45949000.0,-680000.0,10.0,10.0,20.0,0.25
VRNA,2025-09-03,91.0,2182500.0,,1.0,,,,,,,1,YP,0.6123899509185686,108824800.0,-11439600.0,10.0,10.0,20.0,0.15
VTNY,2025-09-03,106.0,15557600.0,,1.0,,,,,,,1,CC,0.4550515728208659,100727400.0,-6754200.0,10.0,10.0,20.0,0.25
WAPO,2025-09-03,206.0,60555500.0,,1.0,,,,,,,1,MG,0.6369920280321043,447822400.0,25808300.0,10.0,10.0,20.0,0.25
WEGE,2025-09-03,85.0,1261560200.0,,1.0,,,,,,,1,CC,0.8204593528551039,168507000.0,13635900.0,10.0,10.0,20.0,0.25
WEHA,2025-09-03,117.0,822300.0,,1.0,,,,,,,1,XL,0.5408908055583415,10991600.0,0.0,10.0,8.0,18.0,0.2777777777777778
WGSH,2025-09-03,173.0,1420700.0,,1.0,,,,,,,1,BQ,0.7184587851716432,68904000.0,0.0,7.0,10.0,17.0,0.2941176470588235
WICO,2025-09-03,,,,,,,,,,,0,,,,,,,,
WIDI,2025-09-03,50.0,14092300.0,,1.0,,,,,,,1,YP,0.7826523212985949,342717400.0,-3231500.0,10.0,10.0,20.0,0.2
WIFI,2025-09-03,2560.0,70507300.0,,1.0,,,,,,,0,CC,0.3551036913335554,12377678000.0,-17649523000.0,10.0,10.0,20.0,0.25
WIIM,2025-09-03,790.0,1315700.0,,1.0,,,,,,,0,SQ,0.4005410053944179,32282500.0,-722500.0,10.0,10.0,20.0,0.3
WIKA,2025-09-03,,,,,,,,,,,0,,,,,,,,
WINE,2025-09-03,214.0,351400.0,,1.0,,,,,,,1,KK,0.5512867737340995,4730000.0,0.0,10.0,5.0,15.0,0.3333333333333333
WINR,2025-09-03,30.0,22382800.0,,1.0,,,,,,,1,XL,0.5936957072911211,83770600.0,-2966700.0,10.0,6.0,16.0,0.3125
WINS,2025-09-03,410.0,3003000.0,,1.0,,,,,,,1,DX,0.5670397603713013,108302800.0,11392600.0,10.0,10.0,20.0,0.2
WIRG,2025-09-03,178.0,924407500.0,,1.0,,,,,,,1,IF,0.4802567724037612,13009347300.0,4250401700.0,10.0,10.0,20.0,0.2
WMPP,2025-09-03,,,,,,,,,,,0,,,,,,,,
WMUU,2025-09-03,17.0,118452700.0,,1.0,,,,,,,1,XL,0.6243947808451915,232090800.0,11927200.0,10.0,10.0,20.0,0.2
WOMF,2025-09-03,340.0,268400.0,,1.0,,,,,,,1,DH,0.6633766480544918,23282600.0,-575000.0,10.0,5.0,15.0,0.2666666666666666
WOOD,2025-09-03,372.0,19594200.0,,1.0,,,,,,,1,XL,0.6763142870991242,217955800.0,18617000.0,10.0,10.0,20.0,0.3
WOWS,2025-09-03,144.0,791995500.0,,1.0,,,,,,,1,XL,0.7155568428743859,3385866100.0,358148600.0,10.0,10.0,20.0,0.25
WSBP,2025-09-03,30.0,107248500.0,,1.0,,,,,,,1,TP,0.6678242414227583,383331200.0,33345200.0,10.0,10.0,20.0,0.2
WSKT,2025-09-03,,,,,,,,,,,0,,,,,,,,
WTON,2025-09-03,112.0,708180600.0,,1.0,,,,,,,1,XL,0.6335622564715655,337123500.0,-9653000.0,10.0,10.0,20.0,0.25
YELO,2025-09-03,64.0,12114300.0,,1.0,,,,,,,1,XL,0.7318250837287803,126754400.0,-135200.0,10.0,10.0,20.0,0.25
YOII,2025-09-03,,,,,,,,,,,0,,,,,,,,
YPAS,2025-09-03,354.0,100.0,,1.0,,,,,,,1,,,,,,,,
YULE,2025-09-03,2700.0,85200.0,,1.0,,,,,,,0,RB,1.0,55695000.0,0.0,1.0,3.0,4.0,0.5
YUPI,2025-09-03,,,,,,,,,,,0,,,,,,,,
ZATA,2025-09-03,24.0,20961600.0,,1.0,,,,,,,1,RG,0.6391640422748079,200000000.0,-13321200.0,10.0,10.0,20.0,0.25
ZBRA,2025-09-03,,,,,,,,,,,0,,,,,,,,
ZINC,2025-09-03,20.0,29952000.0,,1.0,,,,,,,1,BS,0.6412906787718922,171000000.0,7366300.0,10.0,10.0,20.0,0.2
ZONE,2025-09-03,740.0,58800.0,,1.0,,,,,,,0,FZ,0.7411315504386431,37370000.0,0.0,8.0,7.0,15.0,0.1333333333333333
ZYRX,2025-09-03,154.0,2244500.0,,1.0,,,,,,,1,RF,0.5991048683618317,144228900.0,4910900.0,10.0,10.0,20.0,0.25
